{"bids": [[9246.53, 0.28], [9246.36, 0.06441197], [9246.35, 0.0634193], [9246.19, 0.04548019], [9245.97, 5.607e-05], [9245.96, 5.1], [9243.38, 2.02], [9243.34, 2.0], [9242.9, 0.24], [9242.87, 2.0]], "asks": [[9248.63, 0.20750213], [9248.64, 2.0], [9248.71, 0.20750213], [9248.72, 0.20750213], [9248.73, 2.0], [9250.12, 0.02], [9251.1, 1.976], [9251.6, 0.95], [9252.32, 0.5], [9252.69, 0.2]], "ts": 1594128509719}
{"bids": [[9246.54, 0.2], [9246.53, 0.28], [9246.36, 0.06441197], [9246.35, 0.0634193], [9246.19, 0.04548019], [9245.97, 5.607e-05], [9245.96, 5.1], [9243.38, 2.02], [9243.34, 2.0], [9242.9, 0.24]], "asks": [[9248.63, 0.20750213], [9248.64, 2.0], [9248.71, 0.20750213], [9248.72, 0.20750213], [9248.73, 2.0], [9250.12, 0.02], [9251.1, 1.976], [9251.6, 0.95], [9252.32, 0.5], [9252.69, 0.2]], "ts": 1594128509735}
{"bids": [[9246.54, 0.2], [9246.36, 0.06441197], [9246.35, 0.0634193], [9246.19, 0.04548019], [9245.97, 5.607e-05], [9245.96, 5.1], [9243.38, 2.02], [9243.34, 2.0], [9242.9, 0.24]], "asks": [[9248.63, 0.20750213], [9248.64, 2.0], [9248.71, 0.20750213], [9248.72, 0.20750213], [9248.73, 2.0], [9250.12, 0.02], [9251.1, 1.976], [9251.6, 0.95], [9252.32, 0.5], [9252.69, 0.2]], "ts": 1594128509750}
{"bids": [[9246.55, 0.28], [9246.54, 0.2], [9246.36, 0.06441197], [9246.35, 0.0634193], [9246.19, 0.04548019], [9245.97, 5.607e-05], [9245.96, 5.1], [9243.38, 2.02], [9243.34, 2.0], [9242.9, 0.24]], "asks": [[9248.63, 0.20750213], [9248.64, 2.0], [9248.71, 0.20750213], [9248.72, 0.20750213], [9248.73, 2.0], [9250.12, 0.02], [9251.1, 1.976], [9251.6, 0.95], [9252.32, 0.5], [9252.69, 0.2]], "ts": 1594128509750}
{"bids": [[9246.55, 0.28], [9246.36, 0.06441197], [9246.35, 0.0634193], [9246.19, 0.04548019], [9245.97, 5.607e-05], [9245.96, 5.1], [9243.38, 2.02], [9243.34, 2.0], [9242.9, 0.24]], "asks": [[9248.63, 0.20750213], [9248.64, 2.0], [9248.71, 0.20750213], [9248.72, 0.20750213], [9248.73, 2.0], [9250.12, 0.02], [9251.1, 1.976], [9251.6, 0.95], [9252.32, 0.5], [9252.69, 0.2]], "ts": 1594128509750}
{"bids": [[9246.55, 0.28], [9246.36, 0.06441197], [9246.19, 0.04548019], [9245.97, 5.607e-05], [9245.96, 5.1], [9243.38, 2.02], [9243.34, 2.0], [9242.9, 0.24]], "asks": [[9248.63, 0.20750213], [9248.64, 2.0], [9248.71, 0.20750213], [9248.72, 0.20750213], [9248.73, 2.0], [9250.12, 0.02], [9251.1, 1.976], [9251.6, 0.95], [9252.32, 0.5], [9252.69, 0.2]], "ts": 1594128509766}
{"bids": [[9246.55, 0.28], [9246.53, 0.0634193], [9246.36, 0.06441197], [9246.19, 0.04548019], [9245.97, 5.607e-05], [9245.96, 5.1], [9243.38, 2.02], [9243.34, 2.0], [9242.9, 0.24]], "asks": [[9248.63, 0.20750213], [9248.64, 2.0], [9248.71, 0.20750213], [9248.72, 0.20750213], [9248.73, 2.0], [9250.12, 0.02], [9251.1, 1.976], [9251.6, 0.95], [9252.32, 0.5], [9252.69, 0.2]], "ts": 1594128509766}
{"bids": [[9246.56, 0.2], [9246.55, 0.28], [9246.53, 0.0634193], [9246.36, 0.06441197], [9246.19, 0.04548019], [9245.97, 5.607e-05], [9245.96, 5.1], [9243.38, 2.02], [9243.34, 2.0], [9242.9, 0.24]], "asks": [[9248.63, 0.20750213], [9248.64, 2.0], [9248.71, 0.20750213], [9248.72, 0.20750213], [9248.73, 2.0], [9250.12, 0.02], [9251.1, 1.976], [9251.6, 0.95], [9252.32, 0.5], [9252.69, 0.2]], "ts": 1594128509782}
{"bids": [[9246.56, 0.2], [9246.53, 0.0634193], [9246.36, 0.06441197], [9246.19, 0.04548019], [9245.97, 5.607e-05], [9245.96, 5.1], [9243.38, 2.02], [9243.34, 2.0], [9242.9, 0.24]], "asks": [[9248.63, 0.20750213], [9248.64, 2.0], [9248.71, 0.20750213], [9248.72, 0.20750213], [9248.73, 2.0], [9250.12, 0.02], [9251.1, 1.976], [9251.6, 0.95], [9252.32, 0.5], [9252.69, 0.2]], "ts": 1594128509782}
{"bids": [[9246.57, 0.28], [9246.56, 0.2], [9246.53, 0.0634193], [9246.36, 0.06441197], [9246.19, 0.04548019], [9245.97, 5.607e-05], [9245.96, 5.1], [9243.38, 2.02], [9243.34, 2.0], [9242.9, 0.24]], "asks": [[9248.63, 0.20750213], [9248.64, 2.0], [9248.71, 0.20750213], [9248.72, 0.20750213], [9248.73, 2.0], [9250.12, 0.02], [9251.1, 1.976], [9251.6, 0.95], [9252.32, 0.5], [9252.69, 0.2]], "ts": 1594128509797}
{"bids": [[9246.57, 0.28], [9246.53, 0.0634193], [9246.36, 0.06441197], [9246.19, 0.04548019], [9245.97, 5.607e-05], [9245.96, 5.1], [9243.38, 2.02], [9243.34, 2.0], [9242.9, 0.24]], "asks": [[9248.63, 0.20750213], [9248.64, 2.0], [9248.71, 0.20750213], [9248.72, 0.20750213], [9248.73, 2.0], [9250.12, 0.02], [9251.1, 1.976], [9251.6, 0.95], [9252.32, 0.5], [9252.69, 0.2]], "ts": 1594128509797}
{"bids": [[9246.58, 0.2], [9246.57, 0.28], [9246.53, 0.0634193], [9246.36, 0.06441197], [9246.19, 0.04548019], [9245.97, 5.607e-05], [9245.96, 5.1], [9243.38, 2.02], [9243.34, 2.0], [9242.9, 0.24]], "asks": [[9248.63, 0.20750213], [9248.64, 2.0], [9248.71, 0.20750213], [9248.72, 0.20750213], [9248.73, 2.0], [9250.12, 0.02], [9251.1, 1.976], [9251.6, 0.95], [9252.32, 0.5], [9252.69, 0.2]], "ts": 1594128509813}
{"bids": [[9246.58, 0.2], [9246.53, 0.0634193], [9246.36, 0.06441197], [9246.19, 0.04548019], [9245.97, 5.607e-05], [9245.96, 5.1], [9243.38, 2.02], [9243.34, 2.0], [9242.9, 0.24]], "asks": [[9248.63, 0.20750213], [9248.64, 2.0], [9248.71, 0.20750213], [9248.72, 0.20750213], [9248.73, 2.0], [9250.12, 0.02], [9251.1, 1.976], [9251.6, 0.95], [9252.32, 0.5], [9252.69, 0.2]], "ts": 1594128509820}
{"bids": [[9246.59, 0.28], [9246.58, 0.2], [9246.53, 0.0634193], [9246.36, 0.06441197], [9246.19, 0.04548019], [9245.97, 5.607e-05], [9245.96, 5.1], [9243.38, 2.02], [9243.34, 2.0], [9242.9, 0.24]], "asks": [[9248.63, 0.20750213], [9248.64, 2.0], [9248.71, 0.20750213], [9248.72, 0.20750213], [9248.73, 2.0], [9250.12, 0.02], [9251.1, 1.976], [9251.6, 0.95], [9252.32, 0.5], [9252.69, 0.2]], "ts": 1594128509827}
{"bids": [[9246.59, 0.28], [9246.53, 0.0634193], [9246.36, 0.06441197], [9246.19, 0.04548019], [9245.97, 5.607e-05], [9245.96, 5.1], [9243.38, 2.02], [9243.34, 2.0], [9242.9, 0.24]], "asks": [[9248.63, 0.20750213], [9248.64, 2.0], [9248.71, 0.20750213], [9248.72, 0.20750213], [9248.73, 2.0], [9250.12, 0.02], [9251.1, 1.976], [9251.6, 0.95], [9252.32, 0.5], [9252.69, 0.2]], "ts": 1594128509834}
{"bids": [[9246.6, 0.2], [9246.59, 0.28], [9246.53, 0.0634193], [9246.36, 0.06441197], [9246.19, 0.04548019], [9245.97, 5.607e-05], [9245.96, 5.1], [9243.38, 2.02], [9243.34, 2.0], [9242.9, 0.24]], "asks": [[9248.63, 0.20750213], [9248.64, 2.0], [9248.71, 0.20750213], [9248.72, 0.20750213], [9248.73, 2.0], [9250.12, 0.02], [9251.1, 1.976], [9251.6, 0.95], [9252.32, 0.5], [9252.69, 0.2]], "ts": 1594128509837}
{"bids": [[9246.6, 0.2], [9246.53, 0.0634193], [9246.36, 0.06441197], [9246.19, 0.04548019], [9245.97, 5.607e-05], [9245.96, 5.1], [9243.38, 2.02], [9243.34, 2.0], [9242.9, 0.24]], "asks": [[9248.63, 0.20750213], [9248.64, 2.0], [9248.71, 0.20750213], [9248.72, 0.20750213], [9248.73, 2.0], [9250.12, 0.02], [9251.1, 1.976], [9251.6, 0.95], [9252.32, 0.5], [9252.69, 0.2]], "ts": 1594128509837}
{"bids": [[9246.61, 0.28], [9246.6, 0.2], [9246.53, 0.0634193], [9246.36, 0.06441197], [9246.19, 0.04548019], [9245.97, 5.607e-05], [9245.96, 5.1], [9243.38, 2.02], [9243.34, 2.0], [9242.9, 0.24]], "asks": [[9248.63, 0.20750213], [9248.64, 2.0], [9248.71, 0.20750213], [9248.72, 0.20750213], [9248.73, 2.0], [9250.12, 0.02], [9251.1, 1.976], [9251.6, 0.95], [9252.32, 0.5], [9252.69, 0.2]], "ts": 1594128509853}
{"bids": [[9246.61, 0.28], [9246.53, 0.0634193], [9246.36, 0.06441197], [9246.19, 0.04548019], [9245.97, 5.607e-05], [9245.96, 5.1], [9243.38, 2.02], [9243.34, 2.0], [9242.9, 0.24]], "asks": [[9248.63, 0.20750213], [9248.64, 2.0], [9248.71, 0.20750213], [9248.72, 0.20750213], [9248.73, 2.0], [9250.12, 0.02], [9251.1, 1.976], [9251.6, 0.95], [9252.32, 0.5], [9252.69, 0.2]], "ts": 1594128509853}
{"bids": [[9246.62, 0.2], [9246.61, 0.28], [9246.53, 0.0634193], [9246.36, 0.06441197], [9246.19, 0.04548019], [9245.97, 5.607e-05], [9245.96, 5.1], [9243.38, 2.02], [9243.34, 2.0], [9242.9, 0.24]], "asks": [[9248.63, 0.20750213], [9248.64, 2.0], [9248.71, 0.20750213], [9248.72, 0.20750213], [9248.73, 2.0], [9250.12, 0.02], [9251.1, 1.976], [9251.6, 0.95], [9252.32, 0.5], [9252.69, 0.2]], "ts": 1594128509868}
{"bids": [[9246.62, 0.2], [9246.53, 0.0634193], [9246.36, 0.06441197], [9246.19, 0.04548019], [9245.97, 5.607e-05], [9245.96, 5.1], [9243.38, 2.02], [9243.34, 2.0], [9242.9, 0.24]], "asks": [[9248.63, 0.20750213], [9248.64, 2.0], [9248.71, 0.20750213], [9248.72, 0.20750213], [9248.73, 2.0], [9250.12, 0.02], [9251.1, 1.976], [9251.6, 0.95], [9252.32, 0.5], [9252.69, 0.2]], "ts": 1594128509868}
{"bids": [[9246.63, 0.28], [9246.62, 0.2], [9246.53, 0.0634193], [9246.36, 0.06441197], [9246.19, 0.04548019], [9245.97, 5.607e-05], [9245.96, 5.1], [9243.38, 2.02], [9243.34, 2.0], [9242.9, 0.24]], "asks": [[9248.63, 0.20750213], [9248.64, 2.0], [9248.71, 0.20750213], [9248.72, 0.20750213], [9248.73, 2.0], [9250.12, 0.02], [9251.1, 1.976], [9251.6, 0.95], [9252.32, 0.5], [9252.69, 0.2]], "ts": 1594128509868}
{"bids": [[9246.63, 0.28], [9246.53, 0.0634193], [9246.36, 0.06441197], [9246.19, 0.04548019], [9245.97, 5.607e-05], [9245.96, 5.1], [9243.38, 2.02], [9243.34, 2.0], [9242.9, 0.24]], "asks": [[9248.63, 0.20750213], [9248.64, 2.0], [9248.71, 0.20750213], [9248.72, 0.20750213], [9248.73, 2.0], [9250.12, 0.02], [9251.1, 1.976], [9251.6, 0.95], [9252.32, 0.5], [9252.69, 0.2]], "ts": 1594128509884}
{"bids": [[9246.64, 0.2], [9246.63, 0.28], [9246.53, 0.0634193], [9246.36, 0.06441197], [9246.19, 0.04548019], [9245.97, 5.607e-05], [9245.96, 5.1], [9243.38, 2.02], [9243.34, 2.0], [9242.9, 0.24]], "asks": [[9248.63, 0.20750213], [9248.64, 2.0], [9248.71, 0.20750213], [9248.72, 0.20750213], [9248.73, 2.0], [9250.12, 0.02], [9251.1, 1.976], [9251.6, 0.95], [9252.32, 0.5], [9252.69, 0.2]], "ts": 1594128509884}
{"bids": [[9246.64, 0.2], [9246.53, 0.0634193], [9246.36, 0.06441197], [9246.19, 0.04548019], [9245.97, 5.607e-05], [9245.96, 5.1], [9243.38, 2.02], [9243.34, 2.0], [9242.9, 0.24]], "asks": [[9248.63, 0.20750213], [9248.64, 2.0], [9248.71, 0.20750213], [9248.72, 0.20750213], [9248.73, 2.0], [9250.12, 0.02], [9251.1, 1.976], [9251.6, 0.95], [9252.32, 0.5], [9252.69, 0.2]], "ts": 1594128509900}
{"bids": [[9246.65, 0.28], [9246.64, 0.2], [9246.53, 0.0634193], [9246.36, 0.06441197], [9246.19, 0.04548019], [9245.97, 5.607e-05], [9245.96, 5.1], [9243.38, 2.02], [9243.34, 2.0], [9242.9, 0.24]], "asks": [[9248.63, 0.20750213], [9248.64, 2.0], [9248.71, 0.20750213], [9248.72, 0.20750213], [9248.73, 2.0], [9250.12, 0.02], [9251.1, 1.976], [9251.6, 0.95], [9252.32, 0.5], [9252.69, 0.2]], "ts": 1594128509900}
{"bids": [[9246.65, 0.28], [9246.53, 0.0634193], [9246.36, 0.06441197], [9246.19, 0.04548019], [9245.97, 5.607e-05], [9245.96, 5.1], [9243.38, 2.02], [9243.34, 2.0], [9242.9, 0.24]], "asks": [[9248.63, 0.20750213], [9248.64, 2.0], [9248.71, 0.20750213], [9248.72, 0.20750213], [9248.73, 2.0], [9250.12, 0.02], [9251.1, 1.976], [9251.6, 0.95], [9252.32, 0.5], [9252.69, 0.2]], "ts": 1594128509915}
{"bids": [[9246.65, 0.28], [9246.36, 0.06441197], [9246.19, 0.04548019], [9245.97, 5.607e-05], [9245.96, 5.1], [9243.38, 2.02], [9243.34, 2.0], [9242.9, 0.24]], "asks": [[9248.63, 0.20750213], [9248.64, 2.0], [9248.71, 0.20750213], [9248.72, 0.20750213], [9248.73, 2.0], [9250.12, 0.02], [9251.1, 1.976], [9251.6, 0.95], [9252.32, 0.5], [9252.69, 0.2]], "ts": 1594128509915}
{"bids": [[9246.65, 0.28], [9246.63, 0.0634193], [9246.36, 0.06441197], [9246.19, 0.04548019], [9245.97, 5.607e-05], [9245.96, 5.1], [9243.38, 2.02], [9243.34, 2.0], [9242.9, 0.24]], "asks": [[9248.63, 0.20750213], [9248.64, 2.0], [9248.71, 0.20750213], [9248.72, 0.20750213], [9248.73, 2.0], [9250.12, 0.02], [9251.1, 1.976], [9251.6, 0.95], [9252.32, 0.5], [9252.69, 0.2]], "ts": 1594128509931}
{"bids": [[9246.66, 0.2], [9246.65, 0.28], [9246.63, 0.0634193], [9246.36, 0.06441197], [9246.19, 0.04548019], [9245.97, 5.607e-05], [9245.96, 5.1], [9243.38, 2.02], [9243.34, 2.0], [9242.9, 0.24]], "asks": [[9248.63, 0.20750213], [9248.64, 2.0], [9248.71, 0.20750213], [9248.72, 0.20750213], [9248.73, 2.0], [9250.12, 0.02], [9251.1, 1.976], [9251.6, 0.95], [9252.32, 0.5], [9252.69, 0.2]], "ts": 1594128509931}
{"bids": [[9246.66, 0.2], [9246.63, 0.0634193], [9246.36, 0.06441197], [9246.19, 0.04548019], [9245.97, 5.607e-05], [9245.96, 5.1], [9243.38, 2.02], [9243.34, 2.0], [9242.9, 0.24]], "asks": [[9248.63, 0.20750213], [9248.64, 2.0], [9248.71, 0.20750213], [9248.72, 0.20750213], [9248.73, 2.0], [9250.12, 0.02], [9251.1, 1.976], [9251.6, 0.95], [9252.32, 0.5], [9252.69, 0.2]], "ts": 1594128509931}
{"bids": [[9246.67, 0.28], [9246.66, 0.2], [9246.63, 0.0634193], [9246.36, 0.06441197], [9246.19, 0.04548019], [9245.97, 5.607e-05], [9245.96, 5.1], [9243.38, 2.02], [9243.34, 2.0], [9242.9, 0.24]], "asks": [[9248.63, 0.20750213], [9248.64, 2.0], [9248.71, 0.20750213], [9248.72, 0.20750213], [9248.73, 2.0], [9250.12, 0.02], [9251.1, 1.976], [9251.6, 0.95], [9252.32, 0.5], [9252.69, 0.2]], "ts": 1594128509948}
{"bids": [[9246.67, 0.28], [9246.63, 0.0634193], [9246.36, 0.06441197], [9246.19, 0.04548019], [9245.97, 5.607e-05], [9245.96, 5.1], [9243.38, 2.02], [9243.34, 2.0], [9242.9, 0.24]], "asks": [[9248.63, 0.20750213], [9248.64, 2.0], [9248.71, 0.20750213], [9248.72, 0.20750213], [9248.73, 2.0], [9250.12, 0.02], [9251.1, 1.976], [9251.6, 0.95], [9252.32, 0.5], [9252.69, 0.2]], "ts": 1594128509948}
{"bids": [[9246.68, 0.2], [9246.67, 0.28], [9246.63, 0.0634193], [9246.36, 0.06441197], [9246.19, 0.04548019], [9245.97, 5.607e-05], [9245.96, 5.1], [9243.38, 2.02], [9243.34, 2.0], [9242.9, 0.24]], "asks": [[9248.63, 0.20750213], [9248.64, 2.0], [9248.71, 0.20750213], [9248.72, 0.20750213], [9248.73, 2.0], [9250.12, 0.02], [9251.1, 1.976], [9251.6, 0.95], [9252.32, 0.5], [9252.69, 0.2]], "ts": 1594128509963}
{"bids": [[9246.68, 0.2], [9246.63, 0.0634193], [9246.36, 0.06441197], [9246.19, 0.04548019], [9245.97, 5.607e-05], [9245.96, 5.1], [9243.38, 2.02], [9243.34, 2.0], [9242.9, 0.24]], "asks": [[9248.63, 0.20750213], [9248.64, 2.0], [9248.71, 0.20750213], [9248.72, 0.20750213], [9248.73, 2.0], [9250.12, 0.02], [9251.1, 1.976], [9251.6, 0.95], [9252.32, 0.5], [9252.69, 0.2]], "ts": 1594128509963}
{"bids": [[9246.69, 0.28], [9246.68, 0.2], [9246.63, 0.0634193], [9246.36, 0.06441197], [9246.19, 0.04548019], [9245.97, 5.607e-05], [9245.96, 5.1], [9243.38, 2.02], [9243.34, 2.0], [9242.9, 0.24]], "asks": [[9248.63, 0.20750213], [9248.64, 2.0], [9248.71, 0.20750213], [9248.72, 0.20750213], [9248.73, 2.0], [9250.12, 0.02], [9251.1, 1.976], [9251.6, 0.95], [9252.32, 0.5], [9252.69, 0.2]], "ts": 1594128509979}
{"bids": [[9246.69, 0.28], [9246.63, 0.0634193], [9246.36, 0.06441197], [9246.19, 0.04548019], [9245.97, 5.607e-05], [9245.96, 5.1], [9243.38, 2.02], [9243.34, 2.0], [9242.9, 0.24]], "asks": [[9248.63, 0.20750213], [9248.64, 2.0], [9248.71, 0.20750213], [9248.72, 0.20750213], [9248.73, 2.0], [9250.12, 0.02], [9251.1, 1.976], [9251.6, 0.95], [9252.32, 0.5], [9252.69, 0.2]], "ts": 1594128509979}
{"bids": [[9246.7, 0.2], [9246.69, 0.28], [9246.63, 0.0634193], [9246.36, 0.06441197], [9246.19, 0.04548019], [9245.97, 5.607e-05], [9245.96, 5.1], [9243.38, 2.02], [9243.34, 2.0], [9242.9, 0.24]], "asks": [[9248.63, 0.20750213], [9248.64, 2.0], [9248.71, 0.20750213], [9248.72, 0.20750213], [9248.73, 2.0], [9250.12, 0.02], [9251.1, 1.976], [9251.6, 0.95], [9252.32, 0.5], [9252.69, 0.2]], "ts": 1594128509995}
{"bids": [[9246.7, 0.2], [9246.63, 0.0634193], [9246.36, 0.06441197], [9246.19, 0.04548019], [9245.97, 5.607e-05], [9245.96, 5.1], [9243.38, 2.02], [9243.34, 2.0], [9242.9, 0.24]], "asks": [[9248.63, 0.20750213], [9248.64, 2.0], [9248.71, 0.20750213], [9248.72, 0.20750213], [9248.73, 2.0], [9250.12, 0.02], [9251.1, 1.976], [9251.6, 0.95], [9252.32, 0.5], [9252.69, 0.2]], "ts": 1594128509995}
{"bids": [[9246.71, 0.28], [9246.7, 0.2], [9246.63, 0.0634193], [9246.36, 0.06441197], [9246.19, 0.04548019], [9245.97, 5.607e-05], [9245.96, 5.1], [9243.38, 2.02], [9243.34, 2.0], [9242.9, 0.24]], "asks": [[9248.63, 0.20750213], [9248.64, 2.0], [9248.71, 0.20750213], [9248.72, 0.20750213], [9248.73, 2.0], [9250.12, 0.02], [9251.1, 1.976], [9251.6, 0.95], [9252.32, 0.5], [9252.69, 0.2]], "ts": 1594128510011}
{"bids": [[9246.71, 0.28], [9246.63, 0.0634193], [9246.36, 0.06441197], [9246.19, 0.04548019], [9245.97, 5.607e-05], [9245.96, 5.1], [9243.38, 2.02], [9243.34, 2.0], [9242.9, 0.24]], "asks": [[9248.63, 0.20750213], [9248.64, 2.0], [9248.71, 0.20750213], [9248.72, 0.20750213], [9248.73, 2.0], [9250.12, 0.02], [9251.1, 1.976], [9251.6, 0.95], [9252.32, 0.5], [9252.69, 0.2]], "ts": 1594128510018}
{"bids": [[9246.72, 0.2], [9246.71, 0.28], [9246.63, 0.0634193], [9246.36, 0.06441197], [9246.19, 0.04548019], [9245.97, 5.607e-05], [9245.96, 5.1], [9243.38, 2.02], [9243.34, 2.0], [9242.9, 0.24]], "asks": [[9248.63, 0.20750213], [9248.64, 2.0], [9248.71, 0.20750213], [9248.72, 0.20750213], [9248.73, 2.0], [9250.12, 0.02], [9251.1, 1.976], [9251.6, 0.95], [9252.32, 0.5], [9252.69, 0.2]], "ts": 1594128510026}
{"bids": [[9246.72, 0.2], [9246.63, 0.0634193], [9246.36, 0.06441197], [9246.19, 0.04548019], [9245.97, 5.607e-05], [9245.96, 5.1], [9243.38, 2.02], [9243.34, 2.0], [9242.9, 0.24]], "asks": [[9248.63, 0.20750213], [9248.64, 2.0], [9248.71, 0.20750213], [9248.72, 0.20750213], [9248.73, 2.0], [9250.12, 0.02], [9251.1, 1.976], [9251.6, 0.95], [9252.32, 0.5], [9252.69, 0.2]], "ts": 1594128510033}
{"bids": [[9246.73, 0.28], [9246.72, 0.2], [9246.63, 0.0634193], [9246.36, 0.06441197], [9246.19, 0.04548019], [9245.97, 5.607e-05], [9245.96, 5.1], [9243.38, 2.02], [9243.34, 2.0], [9242.9, 0.24]], "asks": [[9248.63, 0.20750213], [9248.64, 2.0], [9248.71, 0.20750213], [9248.72, 0.20750213], [9248.73, 2.0], [9250.12, 0.02], [9251.1, 1.976], [9251.6, 0.95], [9252.32, 0.5], [9252.69, 0.2]], "ts": 1594128510041}
{"bids": [[9246.73, 0.28], [9246.63, 0.0634193], [9246.36, 0.06441197], [9246.19, 0.04548019], [9245.97, 5.607e-05], [9245.96, 5.1], [9243.38, 2.02], [9243.34, 2.0], [9242.9, 0.24]], "asks": [[9248.63, 0.20750213], [9248.64, 2.0], [9248.71, 0.20750213], [9248.72, 0.20750213], [9248.73, 2.0], [9250.12, 0.02], [9251.1, 1.976], [9251.6, 0.95], [9252.32, 0.5], [9252.69, 0.2]], "ts": 1594128510049}
{"bids": [[9246.73, 0.28], [9246.36, 0.06441197], [9246.19, 0.04548019], [9245.97, 5.607e-05], [9245.96, 5.1], [9243.38, 2.02], [9243.34, 2.0], [9242.9, 0.24]], "asks": [[9248.63, 0.20750213], [9248.64, 2.0], [9248.71, 0.20750213], [9248.72, 0.20750213], [9248.73, 2.0], [9250.12, 0.02], [9251.1, 1.976], [9251.6, 0.95], [9252.32, 0.5], [9252.69, 0.2]], "ts": 1594128510056}
{"bids": [[9246.73, 0.28], [9246.71, 0.0634193], [9246.36, 0.06441197], [9246.19, 0.04548019], [9245.97, 5.607e-05], [9245.96, 5.1], [9243.38, 2.02], [9243.34, 2.0], [9242.9, 0.24]], "asks": [[9248.63, 0.20750213], [9248.64, 2.0], [9248.71, 0.20750213], [9248.72, 0.20750213], [9248.73, 2.0], [9250.12, 0.02], [9251.1, 1.976], [9251.6, 0.95], [9252.32, 0.5], [9252.69, 0.2]], "ts": 1594128510056}
{"bids": [[9246.74, 0.2], [9246.73, 0.28], [9246.71, 0.0634193], [9246.36, 0.06441197], [9246.19, 0.04548019], [9245.97, 5.607e-05], [9245.96, 5.1], [9243.38, 2.02], [9243.34, 2.0], [9242.9, 0.24]], "asks": [[9248.63, 0.20750213], [9248.64, 2.0], [9248.71, 0.20750213], [9248.72, 0.20750213], [9248.73, 2.0], [9250.12, 0.02], [9251.1, 1.976], [9251.6, 0.95], [9252.32, 0.5], [9252.69, 0.2]], "ts": 1594128510056}
{"bids": [[9246.74, 0.2], [9246.71, 0.0634193], [9246.36, 0.06441197], [9246.19, 0.04548019], [9245.97, 5.607e-05], [9245.96, 5.1], [9243.38, 2.02], [9243.34, 2.0], [9242.9, 0.24]], "asks": [[9248.63, 0.20750213], [9248.64, 2.0], [9248.71, 0.20750213], [9248.72, 0.20750213], [9248.73, 2.0], [9250.12, 0.02], [9251.1, 1.976], [9251.6, 0.95], [9252.32, 0.5], [9252.69, 0.2]], "ts": 1594128510072}
{"bids": [[9246.75, 0.28], [9246.74, 0.2], [9246.71, 0.0634193], [9246.36, 0.06441197], [9246.19, 0.04548019], [9245.97, 5.607e-05], [9245.96, 5.1], [9243.38, 2.02], [9243.34, 2.0], [9242.9, 0.24]], "asks": [[9248.63, 0.20750213], [9248.64, 2.0], [9248.71, 0.20750213], [9248.72, 0.20750213], [9248.73, 2.0], [9250.12, 0.02], [9251.1, 1.976], [9251.6, 0.95], [9252.32, 0.5], [9252.69, 0.2]], "ts": 1594128510072}
{"bids": [[9246.75, 0.28], [9246.71, 0.0634193], [9246.36, 0.06441197], [9246.19, 0.04548019], [9245.97, 5.607e-05], [9245.96, 5.1], [9243.38, 2.02], [9243.34, 2.0], [9242.9, 0.24]], "asks": [[9248.63, 0.20750213], [9248.64, 2.0], [9248.71, 0.20750213], [9248.72, 0.20750213], [9248.73, 2.0], [9250.12, 0.02], [9251.1, 1.976], [9251.6, 0.95], [9252.32, 0.5], [9252.69, 0.2]], "ts": 1594128510087}
{"bids": [[9246.76, 0.2], [9246.75, 0.28], [9246.71, 0.0634193], [9246.36, 0.06441197], [9246.19, 0.04548019], [9245.97, 5.607e-05], [9245.96, 5.1], [9243.38, 2.02], [9243.34, 2.0], [9242.9, 0.24]], "asks": [[9248.63, 0.20750213], [9248.64, 2.0], [9248.71, 0.20750213], [9248.72, 0.20750213], [9248.73, 2.0], [9250.12, 0.02], [9251.1, 1.976], [9251.6, 0.95], [9252.32, 0.5], [9252.69, 0.2]], "ts": 1594128510087}
{"bids": [[9246.76, 0.2], [9246.71, 0.0634193], [9246.36, 0.06441197], [9246.19, 0.04548019], [9245.97, 5.607e-05], [9245.96, 5.1], [9243.38, 2.02], [9243.34, 2.0], [9242.9, 0.24]], "asks": [[9248.63, 0.20750213], [9248.64, 2.0], [9248.71, 0.20750213], [9248.72, 0.20750213], [9248.73, 2.0], [9250.12, 0.02], [9251.1, 1.976], [9251.6, 0.95], [9252.32, 0.5], [9252.69, 0.2]], "ts": 1594128510103}
{"bids": [[9246.77, 0.28], [9246.76, 0.2], [9246.71, 0.0634193], [9246.36, 0.06441197], [9246.19, 0.04548019], [9245.97, 5.607e-05], [9245.96, 5.1], [9243.38, 2.02], [9243.34, 2.0], [9242.9, 0.24]], "asks": [[9248.63, 0.20750213], [9248.64, 2.0], [9248.71, 0.20750213], [9248.72, 0.20750213], [9248.73, 2.0], [9250.12, 0.02], [9251.1, 1.976], [9251.6, 0.95], [9252.32, 0.5], [9252.69, 0.2]], "ts": 1594128510103}
{"bids": [[9246.77, 0.28], [9246.71, 0.0634193], [9246.36, 0.06441197], [9246.19, 0.04548019], [9245.97, 5.607e-05], [9245.96, 5.1], [9243.38, 2.02], [9243.34, 2.0], [9242.9, 0.24]], "asks": [[9248.63, 0.20750213], [9248.64, 2.0], [9248.71, 0.20750213], [9248.72, 0.20750213], [9248.73, 2.0], [9250.12, 0.02], [9251.1, 1.976], [9251.6, 0.95], [9252.32, 0.5], [9252.69, 0.2]], "ts": 1594128510119}
{"bids": [[9246.78, 0.2], [9246.77, 0.28], [9246.71, 0.0634193], [9246.36, 0.06441197], [9246.19, 0.04548019], [9245.97, 5.607e-05], [9245.96, 5.1], [9243.38, 2.02], [9243.34, 2.0], [9242.9, 0.24]], "asks": [[9248.63, 0.20750213], [9248.64, 2.0], [9248.71, 0.20750213], [9248.72, 0.20750213], [9248.73, 2.0], [9250.12, 0.02], [9251.1, 1.976], [9251.6, 0.95], [9252.32, 0.5], [9252.69, 0.2]], "ts": 1594128510119}
{"bids": [[9246.78, 0.2], [9246.71, 0.0634193], [9246.36, 0.06441197], [9246.19, 0.04548019], [9245.97, 5.607e-05], [9245.96, 5.1], [9243.38, 2.02], [9243.34, 2.0], [9242.9, 0.24]], "asks": [[9248.63, 0.20750213], [9248.64, 2.0], [9248.71, 0.20750213], [9248.72, 0.20750213], [9248.73, 2.0], [9250.12, 0.02], [9251.1, 1.976], [9251.6, 0.95], [9252.32, 0.5], [9252.69, 0.2]], "ts": 1594128510134}
{"bids": [[9246.79, 0.28], [9246.78, 0.2], [9246.71, 0.0634193], [9246.36, 0.06441197], [9246.19, 0.04548019], [9245.97, 5.607e-05], [9245.96, 5.1], [9243.38, 2.02], [9243.34, 2.0], [9242.9, 0.24]], "asks": [[9248.63, 0.20750213], [9248.64, 2.0], [9248.71, 0.20750213], [9248.72, 0.20750213], [9248.73, 2.0], [9250.12, 0.02], [9251.1, 1.976], [9251.6, 0.95], [9252.32, 0.5], [9252.69, 0.2]], "ts": 1594128510134}
{"bids": [[9246.79, 0.28], [9246.71, 0.0634193], [9246.36, 0.06441197], [9246.19, 0.04548019], [9245.97, 5.607e-05], [9245.96, 5.1], [9243.38, 2.02], [9243.34, 2.0], [9242.9, 0.24]], "asks": [[9248.63, 0.20750213], [9248.64, 2.0], [9248.71, 0.20750213], [9248.72, 0.20750213], [9248.73, 2.0], [9250.12, 0.02], [9251.1, 1.976], [9251.6, 0.95], [9252.32, 0.5], [9252.69, 0.2]], "ts": 1594128510134}
{"bids": [[9246.8, 0.2], [9246.79, 0.28], [9246.71, 0.0634193], [9246.36, 0.06441197], [9246.19, 0.04548019], [9245.97, 5.607e-05], [9245.96, 5.1], [9243.38, 2.02], [9243.34, 2.0], [9242.9, 0.24]], "asks": [[9248.63, 0.20750213], [9248.64, 2.0], [9248.71, 0.20750213], [9248.72, 0.20750213], [9248.73, 2.0], [9250.12, 0.02], [9251.1, 1.976], [9251.6, 0.95], [9252.32, 0.5], [9252.69, 0.2]], "ts": 1594128510160}
{"bids": [[9246.8, 0.2], [9246.71, 0.0634193], [9246.36, 0.06441197], [9246.19, 0.04548019], [9245.97, 5.607e-05], [9245.96, 5.1], [9243.38, 2.02], [9243.34, 2.0], [9242.9, 0.24]], "asks": [[9248.63, 0.20750213], [9248.64, 2.0], [9248.71, 0.20750213], [9248.72, 0.20750213], [9248.73, 2.0], [9250.12, 0.02], [9251.1, 1.976], [9251.6, 0.95], [9252.32, 0.5], [9252.69, 0.2]], "ts": 1594128510168}
{"bids": [[9246.81, 0.28], [9246.8, 0.2], [9246.71, 0.0634193], [9246.36, 0.06441197], [9246.19, 0.04548019], [9245.97, 5.607e-05], [9245.96, 5.1], [9243.38, 2.02], [9243.34, 2.0], [9242.9, 0.24]], "asks": [[9248.63, 0.20750213], [9248.64, 2.0], [9248.71, 0.20750213], [9248.72, 0.20750213], [9248.73, 2.0], [9250.12, 0.02], [9251.1, 1.976], [9251.6, 0.95], [9252.32, 0.5], [9252.69, 0.2]], "ts": 1594128510175}
{"bids": [[9246.81, 0.28], [9246.71, 0.0634193], [9246.36, 0.06441197], [9246.19, 0.04548019], [9245.97, 5.607e-05], [9245.96, 5.1], [9243.38, 2.02], [9243.34, 2.0], [9242.9, 0.24]], "asks": [[9248.63, 0.20750213], [9248.64, 2.0], [9248.71, 0.20750213], [9248.72, 0.20750213], [9248.73, 2.0], [9250.12, 0.02], [9251.1, 1.976], [9251.6, 0.95], [9252.32, 0.5], [9252.69, 0.2]], "ts": 1594128510182}
{"bids": [[9246.82, 0.2], [9246.81, 0.28], [9246.71, 0.0634193], [9246.36, 0.06441197], [9246.19, 0.04548019], [9245.97, 5.607e-05], [9245.96, 5.1], [9243.38, 2.02], [9243.34, 2.0], [9242.9, 0.24]], "asks": [[9248.63, 0.20750213], [9248.64, 2.0], [9248.71, 0.20750213], [9248.72, 0.20750213], [9248.73, 2.0], [9250.12, 0.02], [9251.1, 1.976], [9251.6, 0.95], [9252.32, 0.5], [9252.69, 0.2]], "ts": 1594128510190}
{"bids": [[9246.82, 0.2], [9246.71, 0.0634193], [9246.36, 0.06441197], [9246.19, 0.04548019], [9245.97, 5.607e-05], [9245.96, 5.1], [9243.38, 2.02], [9243.34, 2.0], [9242.9, 0.24]], "asks": [[9248.63, 0.20750213], [9248.64, 2.0], [9248.71, 0.20750213], [9248.72, 0.20750213], [9248.73, 2.0], [9250.12, 0.02], [9251.1, 1.976], [9251.6, 0.95], [9252.32, 0.5], [9252.69, 0.2]], "ts": 1594128510190}
{"bids": [[9246.83, 0.28], [9246.82, 0.2], [9246.71, 0.0634193], [9246.36, 0.06441197], [9246.19, 0.04548019], [9245.97, 5.607e-05], [9245.96, 5.1], [9243.38, 2.02], [9243.34, 2.0], [9242.9, 0.24]], "asks": [[9248.63, 0.20750213], [9248.64, 2.0], [9248.71, 0.20750213], [9248.72, 0.20750213], [9248.73, 2.0], [9250.12, 0.02], [9251.1, 1.976], [9251.6, 0.95], [9252.32, 0.5], [9252.69, 0.2]], "ts": 1594128510190}
{"bids": [[9246.83, 0.28], [9246.71, 0.0634193], [9246.36, 0.06441197], [9246.19, 0.04548019], [9245.97, 5.607e-05], [9245.96, 5.1], [9243.38, 2.02], [9243.34, 2.0], [9242.9, 0.24]], "asks": [[9248.63, 0.20750213], [9248.64, 2.0], [9248.71, 0.20750213], [9248.72, 0.20750213], [9248.73, 2.0], [9250.12, 0.02], [9251.1, 1.976], [9251.6, 0.95], [9252.32, 0.5], [9252.69, 0.2]], "ts": 1594128510206}
{"bids": [[9246.83, 0.28], [9246.36, 0.06441197], [9246.19, 0.04548019], [9245.97, 5.607e-05], [9245.96, 5.1], [9243.38, 2.02], [9243.34, 2.0], [9242.9, 0.24]], "asks": [[9248.63, 0.20750213], [9248.64, 2.0], [9248.71, 0.20750213], [9248.72, 0.20750213], [9248.73, 2.0], [9250.12, 0.02], [9251.1, 1.976], [9251.6, 0.95], [9252.32, 0.5], [9252.69, 0.2]], "ts": 1594128510206}
{"bids": [[9246.83, 0.28], [9246.81, 0.0634193], [9246.36, 0.06441197], [9246.19, 0.04548019], [9245.97, 5.607e-05], [9245.96, 5.1], [9243.38, 2.02], [9243.34, 2.0], [9242.9, 0.24]], "asks": [[9248.63, 0.20750213], [9248.64, 2.0], [9248.71, 0.20750213], [9248.72, 0.20750213], [9248.73, 2.0], [9250.12, 0.02], [9251.1, 1.976], [9251.6, 0.95], [9252.32, 0.5], [9252.69, 0.2]], "ts": 1594128510223}
{"bids": [[9246.84, 0.2], [9246.83, 0.28], [9246.81, 0.0634193], [9246.36, 0.06441197], [9246.19, 0.04548019], [9245.97, 5.607e-05], [9245.96, 5.1], [9243.38, 2.02], [9243.34, 2.0], [9242.9, 0.24]], "asks": [[9248.63, 0.20750213], [9248.64, 2.0], [9248.71, 0.20750213], [9248.72, 0.20750213], [9248.73, 2.0], [9250.12, 0.02], [9251.1, 1.976], [9251.6, 0.95], [9252.32, 0.5], [9252.69, 0.2]], "ts": 1594128510223}
{"bids": [[9246.84, 0.2], [9246.81, 0.0634193], [9246.36, 0.06441197], [9246.19, 0.04548019], [9245.97, 5.607e-05], [9245.96, 5.1], [9243.38, 2.02], [9243.34, 2.0], [9242.9, 0.24]], "asks": [[9248.63, 0.20750213], [9248.64, 2.0], [9248.71, 0.20750213], [9248.72, 0.20750213], [9248.73, 2.0], [9250.12, 0.02], [9251.1, 1.976], [9251.6, 0.95], [9252.32, 0.5], [9252.69, 0.2]], "ts": 1594128510238}
{"bids": [[9246.85, 0.28], [9246.84, 0.2], [9246.81, 0.0634193], [9246.36, 0.06441197], [9246.19, 0.04548019], [9245.97, 5.607e-05], [9245.96, 5.1], [9243.38, 2.02], [9243.34, 2.0], [9242.9, 0.24]], "asks": [[9248.63, 0.20750213], [9248.64, 2.0], [9248.71, 0.20750213], [9248.72, 0.20750213], [9248.73, 2.0], [9250.12, 0.02], [9251.1, 1.976], [9251.6, 0.95], [9252.32, 0.5], [9252.69, 0.2]], "ts": 1594128510238}
{"bids": [[9246.85, 0.28], [9246.81, 0.0634193], [9246.36, 0.06441197], [9246.19, 0.04548019], [9245.97, 5.607e-05], [9245.96, 5.1], [9243.38, 2.02], [9243.34, 2.0], [9242.9, 0.24]], "asks": [[9248.63, 0.20750213], [9248.64, 2.0], [9248.71, 0.20750213], [9248.72, 0.20750213], [9248.73, 2.0], [9250.12, 0.02], [9251.1, 1.976], [9251.6, 0.95], [9252.32, 0.5], [9252.69, 0.2]], "ts": 1594128510238}
{"bids": [[9246.86, 0.2], [9246.85, 0.28], [9246.81, 0.0634193], [9246.36, 0.06441197], [9246.19, 0.04548019], [9245.97, 5.607e-05], [9245.96, 5.1], [9243.38, 2.02], [9243.34, 2.0], [9242.9, 0.24]], "asks": [[9248.63, 0.20750213], [9248.64, 2.0], [9248.71, 0.20750213], [9248.72, 0.20750213], [9248.73, 2.0], [9250.12, 0.02], [9251.1, 1.976], [9251.6, 0.95], [9252.32, 0.5], [9252.69, 0.2]], "ts": 1594128510254}
{"bids": [[9246.86, 0.2], [9246.81, 0.0634193], [9246.36, 0.06441197], [9246.19, 0.04548019], [9245.97, 5.607e-05], [9245.96, 5.1], [9243.38, 2.02], [9243.34, 2.0], [9242.9, 0.24]], "asks": [[9248.63, 0.20750213], [9248.64, 2.0], [9248.71, 0.20750213], [9248.72, 0.20750213], [9248.73, 2.0], [9250.12, 0.02], [9251.1, 1.976], [9251.6, 0.95], [9252.32, 0.5], [9252.69, 0.2]], "ts": 1594128510254}
{"bids": [[9246.87, 0.28], [9246.86, 0.2], [9246.81, 0.0634193], [9246.36, 0.06441197], [9246.19, 0.04548019], [9245.97, 5.607e-05], [9245.96, 5.1], [9243.38, 2.02], [9243.34, 2.0], [9242.9, 0.24]], "asks": [[9248.63, 0.20750213], [9248.64, 2.0], [9248.71, 0.20750213], [9248.72, 0.20750213], [9248.73, 2.0], [9250.12, 0.02], [9251.1, 1.976], [9251.6, 0.95], [9252.32, 0.5], [9252.69, 0.2]], "ts": 1594128510270}
{"bids": [[9246.87, 0.28], [9246.81, 0.0634193], [9246.36, 0.06441197], [9246.19, 0.04548019], [9245.97, 5.607e-05], [9245.96, 5.1], [9243.38, 2.02], [9243.34, 2.0], [9242.9, 0.24]], "asks": [[9248.63, 0.20750213], [9248.64, 2.0], [9248.71, 0.20750213], [9248.72, 0.20750213], [9248.73, 2.0], [9250.12, 0.02], [9251.1, 1.976], [9251.6, 0.95], [9252.32, 0.5], [9252.69, 0.2]], "ts": 1594128510270}
{"bids": [[9246.88, 0.2], [9246.87, 0.28], [9246.81, 0.0634193], [9246.36, 0.06441197], [9246.19, 0.04548019], [9245.97, 5.607e-05], [9245.96, 5.1], [9243.38, 2.02], [9243.34, 2.0], [9242.9, 0.24]], "asks": [[9248.63, 0.20750213], [9248.64, 2.0], [9248.71, 0.20750213], [9248.72, 0.20750213], [9248.73, 2.0], [9250.12, 0.02], [9251.1, 1.976], [9251.6, 0.95], [9252.32, 0.5], [9252.69, 0.2]], "ts": 1594128510285}
{"bids": [[9246.88, 0.2], [9246.81, 0.0634193], [9246.36, 0.06441197], [9246.19, 0.04548019], [9245.97, 5.607e-05], [9245.96, 5.1], [9243.38, 2.02], [9243.34, 2.0], [9242.9, 0.24]], "asks": [[9248.63, 0.20750213], [9248.64, 2.0], [9248.71, 0.20750213], [9248.72, 0.20750213], [9248.73, 2.0], [9250.12, 0.02], [9251.1, 1.976], [9251.6, 0.95], [9252.32, 0.5], [9252.69, 0.2]], "ts": 1594128510285}
{"bids": [[9246.89, 0.28], [9246.88, 0.2], [9246.81, 0.0634193], [9246.36, 0.06441197], [9246.19, 0.04548019], [9245.97, 5.607e-05], [9245.96, 5.1], [9243.38, 2.02], [9243.34, 2.0], [9242.9, 0.24]], "asks": [[9248.63, 0.20750213], [9248.64, 2.0], [9248.71, 0.20750213], [9248.72, 0.20750213], [9248.73, 2.0], [9250.12, 0.02], [9251.1, 1.976], [9251.6, 0.95], [9252.32, 0.5], [9252.69, 0.2]], "ts": 1594128510301}
{"bids": [[9246.89, 0.28], [9246.81, 0.0634193], [9246.36, 0.06441197], [9246.19, 0.04548019], [9245.97, 5.607e-05], [9245.96, 5.1], [9243.38, 2.02], [9243.34, 2.0], [9242.9, 0.24]], "asks": [[9248.63, 0.20750213], [9248.64, 2.0], [9248.71, 0.20750213], [9248.72, 0.20750213], [9248.73, 2.0], [9250.12, 0.02], [9251.1, 1.976], [9251.6, 0.95], [9252.32, 0.5], [9252.69, 0.2]], "ts": 1594128510301}
{"bids": [[9246.9, 0.2], [9246.89, 0.28], [9246.81, 0.0634193], [9246.36, 0.06441197], [9246.19, 0.04548019], [9245.97, 5.607e-05], [9245.96, 5.1], [9243.38, 2.02], [9243.34, 2.0], [9242.9, 0.24]], "asks": [[9248.63, 0.20750213], [9248.64, 2.0], [9248.71, 0.20750213], [9248.72, 0.20750213], [9248.73, 2.0], [9250.12, 0.02], [9251.1, 1.976], [9251.6, 0.95], [9252.32, 0.5], [9252.69, 0.2]], "ts": 1594128510317}
{"bids": [[9246.9, 0.2], [9246.81, 0.0634193], [9246.36, 0.06441197], [9246.19, 0.04548019], [9245.97, 5.607e-05], [9245.96, 5.1], [9243.38, 2.02], [9243.34, 2.0], [9242.9, 0.24]], "asks": [[9248.63, 0.20750213], [9248.64, 2.0], [9248.71, 0.20750213], [9248.72, 0.20750213], [9248.73, 2.0], [9250.12, 0.02], [9251.1, 1.976], [9251.6, 0.95], [9252.32, 0.5], [9252.69, 0.2]], "ts": 1594128510317}
{"bids": [[9246.91, 0.28], [9246.9, 0.2], [9246.81, 0.0634193], [9246.36, 0.06441197], [9246.19, 0.04548019], [9245.97, 5.607e-05], [9245.96, 5.1], [9243.38, 2.02], [9243.34, 2.0], [9242.9, 0.24]], "asks": [[9248.63, 0.20750213], [9248.64, 2.0], [9248.71, 0.20750213], [9248.72, 0.20750213], [9248.73, 2.0], [9250.12, 0.02], [9251.1, 1.976], [9251.6, 0.95], [9252.32, 0.5], [9252.69, 0.2]], "ts": 1594128510332}
{"bids": [[9246.91, 0.28], [9246.81, 0.0634193], [9246.36, 0.06441197], [9246.19, 0.04548019], [9245.97, 5.607e-05], [9245.96, 5.1], [9243.38, 2.02], [9243.34, 2.0], [9242.9, 0.24]], "asks": [[9248.63, 0.20750213], [9248.64, 2.0], [9248.71, 0.20750213], [9248.72, 0.20750213], [9248.73, 2.0], [9250.12, 0.02], [9251.1, 1.976], [9251.6, 0.95], [9252.32, 0.5], [9252.69, 0.2]], "ts": 1594128510332}
{"bids": [[9246.91, 0.28], [9246.36, 0.06441197], [9246.19, 0.04548019], [9245.97, 5.607e-05], [9245.96, 5.1], [9243.38, 2.02], [9243.34, 2.0], [9242.9, 0.24]], "asks": [[9248.63, 0.20750213], [9248.64, 2.0], [9248.71, 0.20750213], [9248.72, 0.20750213], [9248.73, 2.0], [9250.12, 0.02], [9251.1, 1.976], [9251.6, 0.95], [9252.32, 0.5], [9252.69, 0.2]], "ts": 1594128510348}
{"bids": [[9246.91, 0.3434193], [9246.36, 0.06441197], [9246.19, 0.04548019], [9245.97, 5.607e-05], [9245.96, 5.1], [9243.38, 2.02], [9243.34, 2.0], [9242.9, 0.24]], "asks": [[9248.63, 0.20750213], [9248.64, 2.0], [9248.71, 0.20750213], [9248.72, 0.20750213], [9248.73, 2.0], [9250.12, 0.02], [9251.1, 1.976], [9251.6, 0.95], [9252.32, 0.5], [9252.69, 0.2]], "ts": 1594128510348}
{"bids": [[9246.92, 0.2], [9246.91, 0.3434193], [9246.36, 0.06441197], [9246.19, 0.04548019], [9245.97, 5.607e-05], [9245.96, 5.1], [9243.38, 2.02], [9243.34, 2.0], [9242.9, 0.24]], "asks": [[9248.63, 0.20750213], [9248.64, 2.0], [9248.71, 0.20750213], [9248.72, 0.20750213], [9248.73, 2.0], [9250.12, 0.02], [9251.1, 1.976], [9251.6, 0.95], [9252.32, 0.5], [9252.69, 0.2]], "ts": 1594128510348}
{"bids": [[9246.92, 0.2], [9246.91, 0.0634193], [9246.36, 0.06441197], [9246.19, 0.04548019], [9245.97, 5.607e-05], [9245.96, 5.1], [9243.38, 2.02], [9243.34, 2.0], [9242.9, 0.24]], "asks": [[9248.63, 0.20750213], [9248.64, 2.0], [9248.71, 0.20750213], [9248.72, 0.20750213], [9248.73, 2.0], [9250.12, 0.02], [9251.1, 1.976], [9251.6, 0.95], [9252.32, 0.5], [9252.69, 0.2]], "ts": 1594128510364}
{"bids": [[9246.93, 0.28], [9246.92, 0.2], [9246.91, 0.0634193], [9246.36, 0.06441197], [9246.19, 0.04548019], [9245.97, 5.607e-05], [9245.96, 5.1], [9243.38, 2.02], [9243.34, 2.0], [9242.9, 0.24]], "asks": [[9248.63, 0.20750213], [9248.64, 2.0], [9248.71, 0.20750213], [9248.72, 0.20750213], [9248.73, 2.0], [9250.12, 0.02], [9251.1, 1.976], [9251.6, 0.95], [9252.32, 0.5], [9252.69, 0.2]], "ts": 1594128510364}
{"bids": [[9246.93, 0.28], [9246.91, 0.0634193], [9246.36, 0.06441197], [9246.19, 0.04548019], [9245.97, 5.607e-05], [9245.96, 5.1], [9243.38, 2.02], [9243.34, 2.0], [9242.9, 0.24]], "asks": [[9248.63, 0.20750213], [9248.64, 2.0], [9248.71, 0.20750213], [9248.72, 0.20750213], [9248.73, 2.0], [9250.12, 0.02], [9251.1, 1.976], [9251.6, 0.95], [9252.32, 0.5], [9252.69, 0.2]], "ts": 1594128510379}
{"bids": [[9246.94, 0.2], [9246.93, 0.28], [9246.91, 0.0634193], [9246.36, 0.06441197], [9246.19, 0.04548019], [9245.97, 5.607e-05], [9245.96, 5.1], [9243.38, 2.02], [9243.34, 2.0], [9242.9, 0.24]], "asks": [[9248.63, 0.20750213], [9248.64, 2.0], [9248.71, 0.20750213], [9248.72, 0.20750213], [9248.73, 2.0], [9250.12, 0.02], [9251.1, 1.976], [9251.6, 0.95], [9252.32, 0.5], [9252.69, 0.2]], "ts": 1594128510379}
{"bids": [[9246.94, 0.2], [9246.91, 0.0634193], [9246.36, 0.06441197], [9246.19, 0.04548019], [9245.97, 5.607e-05], [9245.96, 5.1], [9243.38, 2.02], [9243.34, 2.0], [9242.9, 0.24]], "asks": [[9248.63, 0.20750213], [9248.64, 2.0], [9248.71, 0.20750213], [9248.72, 0.20750213], [9248.73, 2.0], [9250.12, 0.02], [9251.1, 1.976], [9251.6, 0.95], [9252.32, 0.5], [9252.69, 0.2]], "ts": 1594128510396}
{"bids": [[9246.95, 0.28], [9246.94, 0.2], [9246.91, 0.0634193], [9246.36, 0.06441197], [9246.19, 0.04548019], [9245.97, 5.607e-05], [9245.96, 5.1], [9243.38, 2.02], [9243.34, 2.0], [9242.9, 0.24]], "asks": [[9248.63, 0.20750213], [9248.64, 2.0], [9248.71, 0.20750213], [9248.72, 0.20750213], [9248.73, 2.0], [9250.12, 0.02], [9251.1, 1.976], [9251.6, 0.95], [9252.32, 0.5], [9252.69, 0.2]], "ts": 1594128510396}
{"bids": [[9246.95, 0.28], [9246.91, 0.0634193], [9246.36, 0.06441197], [9246.19, 0.04548019], [9245.97, 5.607e-05], [9245.96, 5.1], [9243.38, 2.02], [9243.34, 2.0], [9242.9, 0.24]], "asks": [[9248.63, 0.20750213], [9248.64, 2.0], [9248.71, 0.20750213], [9248.72, 0.20750213], [9248.73, 2.0], [9250.12, 0.02], [9251.1, 1.976], [9251.6, 0.95], [9252.32, 0.5], [9252.69, 0.2]], "ts": 1594128510412}
{"bids": [[9246.96, 0.2], [9246.95, 0.28], [9246.91, 0.0634193], [9246.36, 0.06441197], [9246.19, 0.04548019], [9245.97, 5.607e-05], [9245.96, 5.1], [9243.38, 2.02], [9243.34, 2.0], [9242.9, 0.24]], "asks": [[9248.63, 0.20750213], [9248.64, 2.0], [9248.71, 0.20750213], [9248.72, 0.20750213], [9248.73, 2.0], [9250.12, 0.02], [9251.1, 1.976], [9251.6, 0.95], [9252.32, 0.5], [9252.69, 0.2]], "ts": 1594128510412}
{"bids": [[9246.96, 0.2], [9246.91, 0.0634193], [9246.36, 0.06441197], [9246.19, 0.04548019], [9245.97, 5.607e-05], [9245.96, 5.1], [9243.38, 2.02], [9243.34, 2.0], [9242.9, 0.24]], "asks": [[9248.63, 0.20750213], [9248.64, 2.0], [9248.71, 0.20750213], [9248.72, 0.20750213], [9248.73, 2.0], [9250.12, 0.02], [9251.1, 1.976], [9251.6, 0.95], [9252.32, 0.5], [9252.69, 0.2]], "ts": 1594128510427}
{"bids": [[9246.97, 0.28], [9246.96, 0.2], [9246.91, 0.0634193], [9246.36, 0.06441197], [9246.19, 0.04548019], [9245.97, 5.607e-05], [9245.96, 5.1], [9243.38, 2.02], [9243.34, 2.0], [9242.9, 0.24]], "asks": [[9248.63, 0.20750213], [9248.64, 2.0], [9248.71, 0.20750213], [9248.72, 0.20750213], [9248.73, 2.0], [9250.12, 0.02], [9251.1, 1.976], [9251.6, 0.95], [9252.32, 0.5], [9252.69, 0.2]], "ts": 1594128510427}
{"bids": [[9246.97, 0.28], [9246.91, 0.0634193], [9246.36, 0.06441197], [9246.19, 0.04548019], [9245.97, 5.607e-05], [9245.96, 5.1], [9243.38, 2.02], [9243.34, 2.0], [9242.9, 0.24]], "asks": [[9248.63, 0.20750213], [9248.64, 2.0], [9248.71, 0.20750213], [9248.72, 0.20750213], [9248.73, 2.0], [9250.12, 0.02], [9251.1, 1.976], [9251.6, 0.95], [9252.32, 0.5], [9252.69, 0.2]], "ts": 1594128510427}
{"bids": [[9246.98, 0.2], [9246.97, 0.28], [9246.91, 0.0634193], [9246.36, 0.06441197], [9246.19, 0.04548019], [9245.97, 5.607e-05], [9245.96, 5.1], [9243.38, 2.02], [9243.34, 2.0], [9242.9, 0.24]], "asks": [[9248.63, 0.20750213], [9248.64, 2.0], [9248.71, 0.20750213], [9248.72, 0.20750213], [9248.73, 2.0], [9250.12, 0.02], [9251.1, 1.976], [9251.6, 0.95], [9252.32, 0.5], [9252.69, 0.2]], "ts": 1594128510443}
{"bids": [[9246.98, 0.2], [9246.91, 0.0634193], [9246.36, 0.06441197], [9246.19, 0.04548019], [9245.97, 5.607e-05], [9245.96, 5.1], [9243.38, 2.02], [9243.34, 2.0], [9242.9, 0.24]], "asks": [[9248.63, 0.20750213], [9248.64, 2.0], [9248.71, 0.20750213], [9248.72, 0.20750213], [9248.73, 2.0], [9250.12, 0.02], [9251.1, 1.976], [9251.6, 0.95], [9252.32, 0.5], [9252.69, 0.2]], "ts": 1594128510443}
{"bids": [[9246.99, 0.28], [9246.98, 0.2], [9246.91, 0.0634193], [9246.36, 0.06441197], [9246.19, 0.04548019], [9245.97, 5.607e-05], [9245.96, 5.1], [9243.38, 2.02], [9243.34, 2.0], [9242.9, 0.24]], "asks": [[9248.63, 0.20750213], [9248.64, 2.0], [9248.71, 0.20750213], [9248.72, 0.20750213], [9248.73, 2.0], [9250.12, 0.02], [9251.1, 1.976], [9251.6, 0.95], [9252.32, 0.5], [9252.69, 0.2]], "ts": 1594128510459}
{"bids": [[9246.99, 0.28], [9246.91, 0.0634193], [9246.36, 0.06441197], [9246.19, 0.04548019], [9245.97, 5.607e-05], [9245.96, 5.1], [9243.38, 2.02], [9243.34, 2.0], [9242.9, 0.24]], "asks": [[9248.63, 0.20750213], [9248.64, 2.0], [9248.71, 0.20750213], [9248.72, 0.20750213], [9248.73, 2.0], [9250.12, 0.02], [9251.1, 1.976], [9251.6, 0.95], [9252.32, 0.5], [9252.69, 0.2]], "ts": 1594128510459}
{"bids": [[9247.0, 0.2], [9246.99, 0.28], [9246.91, 0.0634193], [9246.36, 0.06441197], [9246.19, 0.04548019], [9245.97, 5.607e-05], [9245.96, 5.1], [9243.38, 2.02], [9243.34, 2.0], [9242.9, 0.24]], "asks": [[9248.63, 0.20750213], [9248.64, 2.0], [9248.71, 0.20750213], [9248.72, 0.20750213], [9248.73, 2.0], [9250.12, 0.02], [9251.1, 1.976], [9251.6, 0.95], [9252.32, 0.5], [9252.69, 0.2]], "ts": 1594128510476}
{"bids": [[9247.0, 0.2], [9246.91, 0.0634193], [9246.36, 0.06441197], [9246.19, 0.04548019], [9245.97, 5.607e-05], [9245.96, 5.1], [9243.38, 2.02], [9243.34, 2.0], [9242.9, 0.24]], "asks": [[9248.63, 0.20750213], [9248.64, 2.0], [9248.71, 0.20750213], [9248.72, 0.20750213], [9248.73, 2.0], [9250.12, 0.02], [9251.1, 1.976], [9251.6, 0.95], [9252.32, 0.5], [9252.69, 0.2]], "ts": 1594128510476}
{"bids": [[9247.01, 0.28], [9247.0, 0.2], [9246.91, 0.0634193], [9246.36, 0.06441197], [9246.19, 0.04548019], [9245.97, 5.607e-05], [9245.96, 5.1], [9243.38, 2.02], [9243.34, 2.0], [9242.9, 0.24]], "asks": [[9248.63, 0.20750213], [9248.64, 2.0], [9248.71, 0.20750213], [9248.72, 0.20750213], [9248.73, 2.0], [9250.12, 0.02], [9251.1, 1.976], [9251.6, 0.95], [9252.32, 0.5], [9252.69, 0.2]], "ts": 1594128510491}
{"bids": [[9247.01, 0.28], [9246.91, 0.0634193], [9246.36, 0.06441197], [9246.19, 0.04548019], [9245.97, 5.607e-05], [9245.96, 5.1], [9243.38, 2.02], [9243.34, 2.0], [9242.9, 0.24]], "asks": [[9248.63, 0.20750213], [9248.64, 2.0], [9248.71, 0.20750213], [9248.72, 0.20750213], [9248.73, 2.0], [9250.12, 0.02], [9251.1, 1.976], [9251.6, 0.95], [9252.32, 0.5], [9252.69, 0.2]], "ts": 1594128510491}
{"bids": [[9247.01, 0.28], [9246.36, 0.06441197], [9246.19, 0.04548019], [9245.97, 5.607e-05], [9245.96, 5.1], [9243.38, 2.02], [9243.34, 2.0], [9242.9, 0.24]], "asks": [[9248.63, 0.20750213], [9248.64, 2.0], [9248.71, 0.20750213], [9248.72, 0.20750213], [9248.73, 2.0], [9250.12, 0.02], [9251.1, 1.976], [9251.6, 0.95], [9252.32, 0.5], [9252.69, 0.2]], "ts": 1594128510507}
{"bids": [[9247.01, 0.3434193], [9246.36, 0.06441197], [9246.19, 0.04548019], [9245.97, 5.607e-05], [9245.96, 5.1], [9243.38, 2.02], [9243.34, 2.0], [9242.9, 0.24]], "asks": [[9248.63, 0.20750213], [9248.64, 2.0], [9248.71, 0.20750213], [9248.72, 0.20750213], [9248.73, 2.0], [9250.12, 0.02], [9251.1, 1.976], [9251.6, 0.95], [9252.32, 0.5], [9252.69, 0.2]], "ts": 1594128510507}
{"bids": [[9247.02, 0.2], [9247.01, 0.3434193], [9246.36, 0.06441197], [9246.19, 0.04548019], [9245.97, 5.607e-05], [9245.96, 5.1], [9243.38, 2.02], [9243.34, 2.0], [9242.9, 0.24]], "asks": [[9248.63, 0.20750213], [9248.64, 2.0], [9248.71, 0.20750213], [9248.72, 0.20750213], [9248.73, 2.0], [9250.12, 0.02], [9251.1, 1.976], [9251.6, 0.95], [9252.32, 0.5], [9252.69, 0.2]], "ts": 1594128510522}
{"bids": [[9247.02, 0.2], [9247.01, 0.0634193], [9246.36, 0.06441197], [9246.19, 0.04548019], [9245.97, 5.607e-05], [9245.96, 5.1], [9243.38, 2.02], [9243.34, 2.0], [9242.9, 0.24]], "asks": [[9248.63, 0.20750213], [9248.64, 2.0], [9248.71, 0.20750213], [9248.72, 0.20750213], [9248.73, 2.0], [9250.12, 0.02], [9251.1, 1.976], [9251.6, 0.95], [9252.32, 0.5], [9252.69, 0.2]], "ts": 1594128510522}
{"bids": [[9247.03, 0.28], [9247.02, 0.2], [9247.01, 0.0634193], [9246.36, 0.06441197], [9246.19, 0.04548019], [9245.97, 5.607e-05], [9245.96, 5.1], [9243.38, 2.02], [9243.34, 2.0], [9242.9, 0.24]], "asks": [[9248.63, 0.20750213], [9248.64, 2.0], [9248.71, 0.20750213], [9248.72, 0.20750213], [9248.73, 2.0], [9250.12, 0.02], [9251.1, 1.976], [9251.6, 0.95], [9252.32, 0.5], [9252.69, 0.2]], "ts": 1594128510522}
{"bids": [[9247.03, 0.28], [9247.01, 0.0634193], [9246.36, 0.06441197], [9246.19, 0.04548019], [9245.97, 5.607e-05], [9245.96, 5.1], [9243.38, 2.02], [9243.34, 2.0], [9242.9, 0.24]], "asks": [[9248.63, 0.20750213], [9248.64, 2.0], [9248.71, 0.20750213], [9248.72, 0.20750213], [9248.73, 2.0], [9250.12, 0.02], [9251.1, 1.976], [9251.6, 0.95], [9252.32, 0.5], [9252.69, 0.2]], "ts": 1594128510538}
{"bids": [[9247.04, 0.2], [9247.03, 0.28], [9247.01, 0.0634193], [9246.36, 0.06441197], [9246.19, 0.04548019], [9245.97, 5.607e-05], [9245.96, 5.1], [9243.38, 2.02], [9243.34, 2.0], [9242.9, 0.24]], "asks": [[9248.63, 0.20750213], [9248.64, 2.0], [9248.71, 0.20750213], [9248.72, 0.20750213], [9248.73, 2.0], [9250.12, 0.02], [9251.1, 1.976], [9251.6, 0.95], [9252.32, 0.5], [9252.69, 0.2]], "ts": 1594128510538}
{"bids": [[9247.04, 0.2], [9247.01, 0.0634193], [9246.36, 0.06441197], [9246.19, 0.04548019], [9245.97, 5.607e-05], [9245.96, 5.1], [9243.38, 2.02], [9243.34, 2.0], [9242.9, 0.24]], "asks": [[9248.63, 0.20750213], [9248.64, 2.0], [9248.71, 0.20750213], [9248.72, 0.20750213], [9248.73, 2.0], [9250.12, 0.02], [9251.1, 1.976], [9251.6, 0.95], [9252.32, 0.5], [9252.69, 0.2]], "ts": 1594128510554}
{"bids": [[9247.05, 0.28], [9247.04, 0.2], [9247.01, 0.0634193], [9246.36, 0.06441197], [9246.19, 0.04548019], [9245.97, 5.607e-05], [9245.96, 5.1], [9243.38, 2.02], [9243.34, 2.0], [9242.9, 0.24]], "asks": [[9248.63, 0.20750213], [9248.64, 2.0], [9248.71, 0.20750213], [9248.72, 0.20750213], [9248.73, 2.0], [9250.12, 0.02], [9251.1, 1.976], [9251.6, 0.95], [9252.32, 0.5], [9252.69, 0.2]], "ts": 1594128510554}
{"bids": [[9247.05, 0.28], [9247.01, 0.0634193], [9246.36, 0.06441197], [9246.19, 0.04548019], [9245.97, 5.607e-05], [9245.96, 5.1], [9243.38, 2.02], [9243.34, 2.0], [9242.9, 0.24]], "asks": [[9248.63, 0.20750213], [9248.64, 2.0], [9248.71, 0.20750213], [9248.72, 0.20750213], [9248.73, 2.0], [9250.12, 0.02], [9251.1, 1.976], [9251.6, 0.95], [9252.32, 0.5], [9252.69, 0.2]], "ts": 1594128510569}
{"bids": [[9247.06, 0.2], [9247.05, 0.28], [9247.01, 0.0634193], [9246.36, 0.06441197], [9246.19, 0.04548019], [9245.97, 5.607e-05], [9245.96, 5.1], [9243.38, 2.02], [9243.34, 2.0], [9242.9, 0.24]], "asks": [[9248.63, 0.20750213], [9248.64, 2.0], [9248.71, 0.20750213], [9248.72, 0.20750213], [9248.73, 2.0], [9250.12, 0.02], [9251.1, 1.976], [9251.6, 0.95], [9252.32, 0.5], [9252.69, 0.2]], "ts": 1594128510569}
{"bids": [[9247.06, 0.2], [9247.01, 0.0634193], [9246.36, 0.06441197], [9246.19, 0.04548019], [9245.97, 5.607e-05], [9245.96, 5.1], [9243.38, 2.02], [9243.34, 2.0], [9242.9, 0.24]], "asks": [[9248.63, 0.20750213], [9248.64, 2.0], [9248.71, 0.20750213], [9248.72, 0.20750213], [9248.73, 2.0], [9250.12, 0.02], [9251.1, 1.976], [9251.6, 0.95], [9252.32, 0.5], [9252.69, 0.2]], "ts": 1594128510585}
{"bids": [[9247.07, 0.28], [9247.06, 0.2], [9247.01, 0.0634193], [9246.36, 0.06441197], [9246.19, 0.04548019], [9245.97, 5.607e-05], [9245.96, 5.1], [9243.38, 2.02], [9243.34, 2.0], [9242.9, 0.24]], "asks": [[9248.63, 0.20750213], [9248.64, 2.0], [9248.71, 0.20750213], [9248.72, 0.20750213], [9248.73, 2.0], [9250.12, 0.02], [9251.1, 1.976], [9251.6, 0.95], [9252.32, 0.5], [9252.69, 0.2]], "ts": 1594128510585}
{"bids": [[9247.07, 0.28], [9247.01, 0.0634193], [9246.36, 0.06441197], [9246.19, 0.04548019], [9245.97, 5.607e-05], [9245.96, 5.1], [9243.38, 2.02], [9243.34, 2.0], [9242.9, 0.24]], "asks": [[9248.63, 0.20750213], [9248.64, 2.0], [9248.71, 0.20750213], [9248.72, 0.20750213], [9248.73, 2.0], [9250.12, 0.02], [9251.1, 1.976], [9251.6, 0.95], [9252.32, 0.5], [9252.69, 0.2]], "ts": 1594128510601}
{"bids": [[9247.08, 0.2], [9247.07, 0.28], [9247.01, 0.0634193], [9246.36, 0.06441197], [9246.19, 0.04548019], [9245.97, 5.607e-05], [9245.96, 5.1], [9243.38, 2.02], [9243.34, 2.0], [9242.9, 0.24]], "asks": [[9248.63, 0.20750213], [9248.64, 2.0], [9248.71, 0.20750213], [9248.72, 0.20750213], [9248.73, 2.0], [9250.12, 0.02], [9251.1, 1.976], [9251.6, 0.95], [9252.32, 0.5], [9252.69, 0.2]], "ts": 1594128510601}
{"bids": [[9247.08, 0.2], [9247.01, 0.0634193], [9246.36, 0.06441197], [9246.19, 0.04548019], [9245.97, 5.607e-05], [9245.96, 5.1], [9243.38, 2.02], [9243.34, 2.0], [9242.9, 0.24]], "asks": [[9248.63, 0.20750213], [9248.64, 2.0], [9248.71, 0.20750213], [9248.72, 0.20750213], [9248.73, 2.0], [9250.12, 0.02], [9251.1, 1.976], [9251.6, 0.95], [9252.32, 0.5], [9252.69, 0.2]], "ts": 1594128510616}
{"bids": [[9247.09, 0.28], [9247.08, 0.2], [9247.01, 0.0634193], [9246.36, 0.06441197], [9246.19, 0.04548019], [9245.97, 5.607e-05], [9245.96, 5.1], [9243.38, 2.02], [9243.34, 2.0], [9242.9, 0.24]], "asks": [[9248.63, 0.20750213], [9248.64, 2.0], [9248.71, 0.20750213], [9248.72, 0.20750213], [9248.73, 2.0], [9250.12, 0.02], [9251.1, 1.976], [9251.6, 0.95], [9252.32, 0.5], [9252.69, 0.2]], "ts": 1594128510616}
{"bids": [[9247.09, 0.28], [9247.01, 0.0634193], [9246.36, 0.06441197], [9246.19, 0.04548019], [9245.97, 5.607e-05], [9245.96, 5.1], [9243.38, 2.02], [9243.34, 2.0], [9242.9, 0.24]], "asks": [[9248.63, 0.20750213], [9248.64, 2.0], [9248.71, 0.20750213], [9248.72, 0.20750213], [9248.73, 2.0], [9250.12, 0.02], [9251.1, 1.976], [9251.6, 0.95], [9252.32, 0.5], [9252.69, 0.2]], "ts": 1594128510616}
{"bids": [[9247.09, 0.28], [9246.36, 0.06441197], [9246.19, 0.04548019], [9245.97, 5.607e-05], [9245.96, 5.1], [9243.38, 2.02], [9243.34, 2.0], [9242.9, 0.24]], "asks": [[9248.63, 0.20750213], [9248.64, 2.0], [9248.71, 0.20750213], [9248.72, 0.20750213], [9248.73, 2.0], [9250.12, 0.02], [9251.1, 1.976], [9251.6, 0.95], [9252.32, 0.5], [9252.69, 0.2]], "ts": 1594128510632}
{"bids": [[9247.09, 0.3434193], [9246.36, 0.06441197], [9246.19, 0.04548019], [9245.97, 5.607e-05], [9245.96, 5.1], [9243.38, 2.02], [9243.34, 2.0], [9242.9, 0.24]], "asks": [[9248.63, 0.20750213], [9248.64, 2.0], [9248.71, 0.20750213], [9248.72, 0.20750213], [9248.73, 2.0], [9250.12, 0.02], [9251.1, 1.976], [9251.6, 0.95], [9252.32, 0.5], [9252.69, 0.2]], "ts": 1594128510632}
{"bids": [[9247.1, 0.2], [9247.09, 0.3434193], [9246.36, 0.06441197], [9246.19, 0.04548019], [9245.97, 5.607e-05], [9245.96, 5.1], [9243.38, 2.02], [9243.34, 2.0], [9242.9, 0.24]], "asks": [[9248.63, 0.20750213], [9248.64, 2.0], [9248.71, 0.20750213], [9248.72, 0.20750213], [9248.73, 2.0], [9250.12, 0.02], [9251.1, 1.976], [9251.6, 0.95], [9252.32, 0.5], [9252.69, 0.2]], "ts": 1594128510648}
{"bids": [[9247.1, 0.2], [9247.09, 0.0634193], [9246.36, 0.06441197], [9246.19, 0.04548019], [9245.97, 5.607e-05], [9245.96, 5.1], [9243.38, 2.02], [9243.34, 2.0], [9242.9, 0.24]], "asks": [[9248.63, 0.20750213], [9248.64, 2.0], [9248.71, 0.20750213], [9248.72, 0.20750213], [9248.73, 2.0], [9250.12, 0.02], [9251.1, 1.976], [9251.6, 0.95], [9252.32, 0.5], [9252.69, 0.2]], "ts": 1594128510648}
{"bids": [[9247.11, 0.28], [9247.1, 0.2], [9247.09, 0.0634193], [9246.36, 0.06441197], [9246.19, 0.04548019], [9245.97, 5.607e-05], [9245.96, 5.1], [9243.38, 2.02], [9243.34, 2.0], [9242.9, 0.24]], "asks": [[9248.63, 0.20750213], [9248.64, 2.0], [9248.71, 0.20750213], [9248.72, 0.20750213], [9248.73, 2.0], [9250.12, 0.02], [9251.1, 1.976], [9251.6, 0.95], [9252.32, 0.5], [9252.69, 0.2]], "ts": 1594128510663}
{"bids": [[9247.11, 0.28], [9247.09, 0.0634193], [9246.36, 0.06441197], [9246.19, 0.04548019], [9245.97, 5.607e-05], [9245.96, 5.1], [9243.38, 2.02], [9243.34, 2.0], [9242.9, 0.24]], "asks": [[9248.63, 0.20750213], [9248.64, 2.0], [9248.71, 0.20750213], [9248.72, 0.20750213], [9248.73, 2.0], [9250.12, 0.02], [9251.1, 1.976], [9251.6, 0.95], [9252.32, 0.5], [9252.69, 0.2]], "ts": 1594128510663}
{"bids": [[9247.12, 0.2], [9247.11, 0.28], [9247.09, 0.0634193], [9246.36, 0.06441197], [9246.19, 0.04548019], [9245.97, 5.607e-05], [9245.96, 5.1], [9243.38, 2.02], [9243.34, 2.0], [9242.9, 0.24]], "asks": [[9248.63, 0.20750213], [9248.64, 2.0], [9248.71, 0.20750213], [9248.72, 0.20750213], [9248.73, 2.0], [9250.12, 0.02], [9251.1, 1.976], [9251.6, 0.95], [9252.32, 0.5], [9252.69, 0.2]], "ts": 1594128510683}
{"bids": [[9247.12, 0.2], [9247.09, 0.0634193], [9246.36, 0.06441197], [9246.19, 0.04548019], [9245.97, 5.607e-05], [9245.96, 5.1], [9243.38, 2.02], [9243.34, 2.0], [9242.9, 0.24]], "asks": [[9248.63, 0.20750213], [9248.64, 2.0], [9248.71, 0.20750213], [9248.72, 0.20750213], [9248.73, 2.0], [9250.12, 0.02], [9251.1, 1.976], [9251.6, 0.95], [9252.32, 0.5], [9252.69, 0.2]], "ts": 1594128510690}
{"bids": [[9247.13, 0.28], [9247.12, 0.2], [9247.09, 0.0634193], [9246.36, 0.06441197], [9246.19, 0.04548019], [9245.97, 5.607e-05], [9245.96, 5.1], [9243.38, 2.02], [9243.34, 2.0], [9242.9, 0.24]], "asks": [[9248.63, 0.20750213], [9248.64, 2.0], [9248.71, 0.20750213], [9248.72, 0.20750213], [9248.73, 2.0], [9250.12, 0.02], [9251.1, 1.976], [9251.6, 0.95], [9252.32, 0.5], [9252.69, 0.2]], "ts": 1594128510697}
{"bids": [[9247.13, 0.28], [9247.09, 0.0634193], [9246.36, 0.06441197], [9246.19, 0.04548019], [9245.97, 5.607e-05], [9245.96, 5.1], [9243.38, 2.02], [9243.34, 2.0], [9242.9, 0.24]], "asks": [[9248.63, 0.20750213], [9248.64, 2.0], [9248.71, 0.20750213], [9248.72, 0.20750213], [9248.73, 2.0], [9250.12, 0.02], [9251.1, 1.976], [9251.6, 0.95], [9252.32, 0.5], [9252.69, 0.2]], "ts": 1594128510705}
{"bids": [[9247.14, 0.2], [9247.13, 0.28], [9247.09, 0.0634193], [9246.36, 0.06441197], [9246.19, 0.04548019], [9245.97, 5.607e-05], [9245.96, 5.1], [9243.38, 2.02], [9243.34, 2.0], [9242.9, 0.24]], "asks": [[9248.63, 0.20750213], [9248.64, 2.0], [9248.71, 0.20750213], [9248.72, 0.20750213], [9248.73, 2.0], [9250.12, 0.02], [9251.1, 1.976], [9251.6, 0.95], [9252.32, 0.5], [9252.69, 0.2]], "ts": 1594128510713}
{"bids": [[9247.14, 0.2], [9247.09, 0.0634193], [9246.36, 0.06441197], [9246.19, 0.04548019], [9245.97, 5.607e-05], [9245.96, 5.1], [9243.38, 2.02], [9243.34, 2.0], [9242.9, 0.24]], "asks": [[9248.63, 0.20750213], [9248.64, 2.0], [9248.71, 0.20750213], [9248.72, 0.20750213], [9248.73, 2.0], [9250.12, 0.02], [9251.1, 1.976], [9251.6, 0.95], [9252.32, 0.5], [9252.69, 0.2]], "ts": 1594128510721}
{"bids": [[9247.15, 0.28], [9247.14, 0.2], [9247.09, 0.0634193], [9246.36, 0.06441197], [9246.19, 0.04548019], [9245.97, 5.607e-05], [9245.96, 5.1], [9243.38, 2.02], [9243.34, 2.0], [9242.9, 0.24]], "asks": [[9248.63, 0.20750213], [9248.64, 2.0], [9248.71, 0.20750213], [9248.72, 0.20750213], [9248.73, 2.0], [9250.12, 0.02], [9251.1, 1.976], [9251.6, 0.95], [9252.32, 0.5], [9252.69, 0.2]], "ts": 1594128510723}
{"bids": [[9247.15, 0.28], [9247.09, 0.0634193], [9246.36, 0.06441197], [9246.19, 0.04548019], [9245.97, 5.607e-05], [9245.96, 5.1], [9243.38, 2.02], [9243.34, 2.0], [9242.9, 0.24]], "asks": [[9248.63, 0.20750213], [9248.64, 2.0], [9248.71, 0.20750213], [9248.72, 0.20750213], [9248.73, 2.0], [9250.12, 0.02], [9251.1, 1.976], [9251.6, 0.95], [9252.32, 0.5], [9252.69, 0.2]], "ts": 1594128510739}
{"bids": [[9247.16, 0.2], [9247.15, 0.28], [9247.09, 0.0634193], [9246.36, 0.06441197], [9246.19, 0.04548019], [9245.97, 5.607e-05], [9245.96, 5.1], [9243.38, 2.02], [9243.34, 2.0], [9242.9, 0.24]], "asks": [[9248.63, 0.20750213], [9248.64, 2.0], [9248.71, 0.20750213], [9248.72, 0.20750213], [9248.73, 2.0], [9250.12, 0.02], [9251.1, 1.976], [9251.6, 0.95], [9252.32, 0.5], [9252.69, 0.2]], "ts": 1594128510739}
{"bids": [[9247.16, 0.2], [9247.09, 0.0634193], [9246.36, 0.06441197], [9246.19, 0.04548019], [9245.97, 5.607e-05], [9245.96, 5.1], [9243.38, 2.02], [9243.34, 2.0], [9242.9, 0.24]], "asks": [[9248.63, 0.20750213], [9248.64, 2.0], [9248.71, 0.20750213], [9248.72, 0.20750213], [9248.73, 2.0], [9250.12, 0.02], [9251.1, 1.976], [9251.6, 0.95], [9252.32, 0.5], [9252.69, 0.2]], "ts": 1594128510755}
{"bids": [[9247.17, 0.28], [9247.16, 0.2], [9247.09, 0.0634193], [9246.36, 0.06441197], [9246.19, 0.04548019], [9245.97, 5.607e-05], [9245.96, 5.1], [9243.38, 2.02], [9243.34, 2.0], [9242.9, 0.24]], "asks": [[9248.63, 0.20750213], [9248.64, 2.0], [9248.71, 0.20750213], [9248.72, 0.20750213], [9248.73, 2.0], [9250.12, 0.02], [9251.1, 1.976], [9251.6, 0.95], [9252.32, 0.5], [9252.69, 0.2]], "ts": 1594128510755}
{"bids": [[9247.17, 0.28], [9247.09, 0.0634193], [9246.36, 0.06441197], [9246.19, 0.04548019], [9245.97, 5.607e-05], [9245.96, 5.1], [9243.38, 2.02], [9243.34, 2.0], [9242.9, 0.24]], "asks": [[9248.63, 0.20750213], [9248.64, 2.0], [9248.71, 0.20750213], [9248.72, 0.20750213], [9248.73, 2.0], [9250.12, 0.02], [9251.1, 1.976], [9251.6, 0.95], [9252.32, 0.5], [9252.69, 0.2]], "ts": 1594128510770}
{"bids": [[9247.17, 0.28], [9247.09, 0.0634193], [9246.36, 0.06441197], [9246.19, 0.04548019], [9245.97, 5.607e-05], [9245.96, 5.1], [9243.38, 2.02], [9243.34, 2.0], [9242.9, 0.24]], "asks": [[9248.63, 0.20750213], [9248.64, 2.0], [9248.71, 0.20750213], [9248.72, 0.20750213], [9248.73, 2.0], [9250.12, 0.02], [9251.1, 1.976], [9251.6, 0.95], [9252.32, 0.5], [9252.69, 0.2]], "ts": 1594128510770}
{"bids": [[9247.17, 0.28], [9247.09, 0.0634193], [9246.36, 0.06441197], [9246.19, 0.04548019], [9245.97, 5.607e-05], [9245.96, 5.1], [9243.38, 2.02], [9243.34, 2.0], [9242.9, 0.24], [9237.92, 0.5]], "asks": [[9248.63, 0.20750213], [9248.64, 2.0], [9248.71, 0.20750213], [9248.72, 0.20750213], [9248.73, 2.0], [9250.12, 0.02], [9251.1, 1.976], [9251.6, 0.95], [9252.32, 0.5], [9252.69, 0.2]], "ts": 1594128510786}
{"bids": [[9247.18, 0.2], [9247.17, 0.28], [9247.09, 0.0634193], [9246.36, 0.06441197], [9246.19, 0.04548019], [9245.97, 5.607e-05], [9245.96, 5.1], [9243.38, 2.02], [9243.34, 2.0], [9242.9, 0.24]], "asks": [[9248.63, 0.20750213], [9248.64, 2.0], [9248.71, 0.20750213], [9248.72, 0.20750213], [9248.73, 2.0], [9250.12, 0.02], [9251.1, 1.976], [9251.6, 0.95], [9252.32, 0.5], [9252.69, 0.2]], "ts": 1594128510786}
{"bids": [[9247.18, 0.2], [9247.09, 0.0634193], [9246.36, 0.06441197], [9246.19, 0.04548019], [9245.97, 5.607e-05], [9245.96, 5.1], [9243.38, 2.02], [9243.34, 2.0], [9242.9, 0.24]], "asks": [[9248.63, 0.20750213], [9248.64, 2.0], [9248.71, 0.20750213], [9248.72, 0.20750213], [9248.73, 2.0], [9250.12, 0.02], [9251.1, 1.976], [9251.6, 0.95], [9252.32, 0.5], [9252.69, 0.2]], "ts": 1594128510805}
{"bids": [[9247.19, 0.28], [9247.18, 0.2], [9247.09, 0.0634193], [9246.36, 0.06441197], [9246.19, 0.04548019], [9245.97, 5.607e-05], [9245.96, 5.1], [9243.38, 2.02], [9243.34, 2.0], [9242.9, 0.24]], "asks": [[9248.63, 0.20750213], [9248.64, 2.0], [9248.71, 0.20750213], [9248.72, 0.20750213], [9248.73, 2.0], [9250.12, 0.02], [9251.1, 1.976], [9251.6, 0.95], [9252.32, 0.5], [9252.69, 0.2]], "ts": 1594128510812}
{"bids": [[9247.19, 0.28], [9247.09, 0.0634193], [9246.36, 0.06441197], [9246.19, 0.04548019], [9245.97, 5.607e-05], [9245.96, 5.1], [9243.38, 2.02], [9243.34, 2.0], [9242.9, 0.24]], "asks": [[9248.63, 0.20750213], [9248.64, 2.0], [9248.71, 0.20750213], [9248.72, 0.20750213], [9248.73, 2.0], [9250.12, 0.02], [9251.1, 1.976], [9251.6, 0.95], [9252.32, 0.5], [9252.69, 0.2]], "ts": 1594128510819}
{"bids": [[9247.19, 0.28], [9246.36, 0.06441197], [9246.19, 0.04548019], [9245.97, 5.607e-05], [9245.96, 5.1], [9243.38, 2.02], [9243.34, 2.0], [9242.9, 0.24]], "asks": [[9248.63, 0.20750213], [9248.64, 2.0], [9248.71, 0.20750213], [9248.72, 0.20750213], [9248.73, 2.0], [9250.12, 0.02], [9251.1, 1.976], [9251.6, 0.95], [9252.32, 0.5], [9252.69, 0.2]], "ts": 1594128510826}
{"bids": [[9247.2, 0.2], [9247.19, 0.28], [9246.36, 0.06441197], [9246.19, 0.04548019], [9245.97, 5.607e-05], [9245.96, 5.1], [9243.38, 2.02], [9243.34, 2.0], [9242.9, 0.24]], "asks": [[9248.63, 0.20750213], [9248.64, 2.0], [9248.71, 0.20750213], [9248.72, 0.20750213], [9248.73, 2.0], [9250.12, 0.02], [9251.1, 1.976], [9251.6, 0.95], [9252.32, 0.5], [9252.69, 0.2]], "ts": 1594128510833}
{"bids": [[9247.2, 0.2], [9246.36, 0.06441197], [9246.19, 0.04548019], [9245.97, 5.607e-05], [9245.96, 5.1], [9243.38, 2.02], [9243.34, 2.0], [9242.9, 0.24]], "asks": [[9248.63, 0.20750213], [9248.64, 2.0], [9248.71, 0.20750213], [9248.72, 0.20750213], [9248.73, 2.0], [9250.12, 0.02], [9251.1, 1.976], [9251.6, 0.95], [9252.32, 0.5], [9252.69, 0.2]], "ts": 1594128510838}
{"bids": [[9247.21, 0.28], [9247.2, 0.2], [9246.36, 0.06441197], [9246.19, 0.04548019], [9245.97, 5.607e-05], [9245.96, 5.1], [9243.38, 2.02], [9243.34, 2.0], [9242.9, 0.24]], "asks": [[9248.63, 0.20750213], [9248.64, 2.0], [9248.71, 0.20750213], [9248.72, 0.20750213], [9248.73, 2.0], [9250.12, 0.02], [9251.1, 1.976], [9251.6, 0.95], [9252.32, 0.5], [9252.69, 0.2]], "ts": 1594128510838}
{"bids": [[9247.21, 0.28], [9246.36, 0.06441197], [9246.19, 0.04548019], [9245.97, 5.607e-05], [9245.96, 5.1], [9243.38, 2.02], [9243.34, 2.0], [9242.9, 0.24]], "asks": [[9248.63, 0.20750213], [9248.64, 2.0], [9248.71, 0.20750213], [9248.72, 0.20750213], [9248.73, 2.0], [9250.12, 0.02], [9251.1, 1.976], [9251.6, 0.95], [9252.32, 0.5], [9252.69, 0.2]], "ts": 1594128510854}
{"bids": [[9247.21, 0.28], [9247.19, 0.0634193], [9246.36, 0.06441197], [9246.19, 0.04548019], [9245.97, 5.607e-05], [9245.96, 5.1], [9243.38, 2.02], [9243.34, 2.0], [9242.9, 0.24]], "asks": [[9248.63, 0.20750213], [9248.64, 2.0], [9248.71, 0.20750213], [9248.72, 0.20750213], [9248.73, 2.0], [9250.12, 0.02], [9251.1, 1.976], [9251.6, 0.95], [9252.32, 0.5], [9252.69, 0.2]], "ts": 1594128510854}
{"bids": [[9247.22, 0.2], [9247.21, 0.28], [9247.19, 0.0634193], [9246.36, 0.06441197], [9246.19, 0.04548019], [9245.97, 5.607e-05], [9245.96, 5.1], [9243.38, 2.02], [9243.34, 2.0], [9242.9, 0.24]], "asks": [[9248.63, 0.20750213], [9248.64, 2.0], [9248.71, 0.20750213], [9248.72, 0.20750213], [9248.73, 2.0], [9250.12, 0.02], [9251.1, 1.976], [9251.6, 0.95], [9252.32, 0.5], [9252.69, 0.2]], "ts": 1594128510854}
{"bids": [[9247.22, 0.2], [9247.19, 0.0634193], [9246.36, 0.06441197], [9246.19, 0.04548019], [9245.97, 5.607e-05], [9245.96, 5.1], [9243.38, 2.02], [9243.34, 2.0], [9242.9, 0.24]], "asks": [[9248.63, 0.20750213], [9248.64, 2.0], [9248.71, 0.20750213], [9248.72, 0.20750213], [9248.73, 2.0], [9250.12, 0.02], [9251.1, 1.976], [9251.6, 0.95], [9252.32, 0.5], [9252.69, 0.2]], "ts": 1594128510869}
{"bids": [[9247.23, 0.28], [9247.22, 0.2], [9247.19, 0.0634193], [9246.36, 0.06441197], [9246.19, 0.04548019], [9245.97, 5.607e-05], [9245.96, 5.1], [9243.38, 2.02], [9243.34, 2.0], [9242.9, 0.24]], "asks": [[9248.63, 0.20750213], [9248.64, 2.0], [9248.71, 0.20750213], [9248.72, 0.20750213], [9248.73, 2.0], [9250.12, 0.02], [9251.1, 1.976], [9251.6, 0.95], [9252.32, 0.5], [9252.69, 0.2]], "ts": 1594128510869}
{"bids": [[9247.23, 0.28], [9247.19, 0.0634193], [9246.36, 0.06441197], [9246.19, 0.04548019], [9245.97, 5.607e-05], [9245.96, 5.1], [9243.38, 2.02], [9243.34, 2.0], [9242.9, 0.24]], "asks": [[9248.63, 0.20750213], [9248.64, 2.0], [9248.71, 0.20750213], [9248.72, 0.20750213], [9248.73, 2.0], [9250.12, 0.02], [9251.1, 1.976], [9251.6, 0.95], [9252.32, 0.5], [9252.69, 0.2]], "ts": 1594128510885}
{"bids": [[9247.24, 0.2], [9247.23, 0.28], [9247.19, 0.0634193], [9246.36, 0.06441197], [9246.19, 0.04548019], [9245.97, 5.607e-05], [9245.96, 5.1], [9243.38, 2.02], [9243.34, 2.0], [9242.9, 0.24]], "asks": [[9248.63, 0.20750213], [9248.64, 2.0], [9248.71, 0.20750213], [9248.72, 0.20750213], [9248.73, 2.0], [9250.12, 0.02], [9251.1, 1.976], [9251.6, 0.95], [9252.32, 0.5], [9252.69, 0.2]], "ts": 1594128510885}
{"bids": [[9247.24, 0.2], [9247.19, 0.0634193], [9246.36, 0.06441197], [9246.19, 0.04548019], [9245.97, 5.607e-05], [9245.96, 5.1], [9243.38, 2.02], [9243.34, 2.0], [9242.9, 0.24]], "asks": [[9248.63, 0.20750213], [9248.64, 2.0], [9248.71, 0.20750213], [9248.72, 0.20750213], [9248.73, 2.0], [9250.12, 0.02], [9251.1, 1.976], [9251.6, 0.95], [9252.32, 0.5], [9252.69, 0.2]], "ts": 1594128510900}
{"bids": [[9247.25, 0.28], [9247.24, 0.2], [9247.19, 0.0634193], [9246.36, 0.06441197], [9246.19, 0.04548019], [9245.97, 5.607e-05], [9245.96, 5.1], [9243.38, 2.02], [9243.34, 2.0], [9242.9, 0.24]], "asks": [[9248.63, 0.20750213], [9248.64, 2.0], [9248.71, 0.20750213], [9248.72, 0.20750213], [9248.73, 2.0], [9250.12, 0.02], [9251.1, 1.976], [9251.6, 0.95], [9252.32, 0.5], [9252.69, 0.2]], "ts": 1594128510900}
{"bids": [[9247.25, 0.28], [9247.19, 0.0634193], [9246.36, 0.06441197], [9246.19, 0.04548019], [9245.97, 5.607e-05], [9245.96, 5.1], [9243.38, 2.02], [9243.34, 2.0], [9242.9, 0.24]], "asks": [[9248.63, 0.20750213], [9248.64, 2.0], [9248.71, 0.20750213], [9248.72, 0.20750213], [9248.73, 2.0], [9250.12, 0.02], [9251.1, 1.976], [9251.6, 0.95], [9252.32, 0.5], [9252.69, 0.2]], "ts": 1594128510916}
{"bids": [[9247.26, 0.2], [9247.25, 0.28], [9247.19, 0.0634193], [9246.36, 0.06441197], [9246.19, 0.04548019], [9245.97, 5.607e-05], [9245.96, 5.1], [9243.38, 2.02], [9243.34, 2.0], [9242.9, 0.24]], "asks": [[9248.63, 0.20750213], [9248.64, 2.0], [9248.71, 0.20750213], [9248.72, 0.20750213], [9248.73, 2.0], [9250.12, 0.02], [9251.1, 1.976], [9251.6, 0.95], [9252.32, 0.5], [9252.69, 0.2]], "ts": 1594128510916}
{"bids": [[9247.26, 0.2], [9247.19, 0.0634193], [9246.36, 0.06441197], [9246.19, 0.04548019], [9245.97, 5.607e-05], [9245.96, 5.1], [9243.38, 2.02], [9243.34, 2.0], [9242.9, 0.24]], "asks": [[9248.63, 0.20750213], [9248.64, 2.0], [9248.71, 0.20750213], [9248.72, 0.20750213], [9248.73, 2.0], [9250.12, 0.02], [9251.1, 1.976], [9251.6, 0.95], [9252.32, 0.5], [9252.69, 0.2]], "ts": 1594128510932}
{"bids": [[9247.27, 0.28], [9247.26, 0.2], [9247.19, 0.0634193], [9246.36, 0.06441197], [9246.19, 0.04548019], [9245.97, 5.607e-05], [9245.96, 5.1], [9243.38, 2.02], [9243.34, 2.0], [9242.9, 0.24]], "asks": [[9248.63, 0.20750213], [9248.64, 2.0], [9248.71, 0.20750213], [9248.72, 0.20750213], [9248.73, 2.0], [9250.12, 0.02], [9251.1, 1.976], [9251.6, 0.95], [9252.32, 0.5], [9252.69, 0.2]], "ts": 1594128510932}
{"bids": [[9247.27, 0.28], [9247.19, 0.0634193], [9246.36, 0.06441197], [9246.19, 0.04548019], [9245.97, 5.607e-05], [9245.96, 5.1], [9243.38, 2.02], [9243.34, 2.0], [9242.9, 0.24]], "asks": [[9248.63, 0.20750213], [9248.64, 2.0], [9248.71, 0.20750213], [9248.72, 0.20750213], [9248.73, 2.0], [9250.12, 0.02], [9251.1, 1.976], [9251.6, 0.95], [9252.32, 0.5], [9252.69, 0.2]], "ts": 1594128510932}
{"bids": [[9247.28, 0.2], [9247.27, 0.28], [9247.19, 0.0634193], [9246.36, 0.06441197], [9246.19, 0.04548019], [9245.97, 5.607e-05], [9245.96, 5.1], [9243.38, 2.02], [9243.34, 2.0], [9242.9, 0.24]], "asks": [[9248.63, 0.20750213], [9248.64, 2.0], [9248.71, 0.20750213], [9248.72, 0.20750213], [9248.73, 2.0], [9250.12, 0.02], [9251.1, 1.976], [9251.6, 0.95], [9252.32, 0.5], [9252.69, 0.2]], "ts": 1594128510949}
{"bids": [[9247.28, 0.2], [9247.19, 0.0634193], [9246.36, 0.06441197], [9246.19, 0.04548019], [9245.97, 5.607e-05], [9245.96, 5.1], [9243.38, 2.02], [9243.34, 2.0], [9242.9, 0.24]], "asks": [[9248.63, 0.20750213], [9248.64, 2.0], [9248.71, 0.20750213], [9248.72, 0.20750213], [9248.73, 2.0], [9250.12, 0.02], [9251.1, 1.976], [9251.6, 0.95], [9252.32, 0.5], [9252.69, 0.2]], "ts": 1594128510949}
{"bids": [[9247.29, 0.28], [9247.28, 0.2], [9247.19, 0.0634193], [9246.36, 0.06441197], [9246.19, 0.04548019], [9245.97, 5.607e-05], [9245.96, 5.1], [9243.38, 2.02], [9243.34, 2.0], [9242.9, 0.24]], "asks": [[9248.63, 0.20750213], [9248.64, 2.0], [9248.71, 0.20750213], [9248.72, 0.20750213], [9248.73, 2.0], [9250.12, 0.02], [9251.1, 1.976], [9251.6, 0.95], [9252.32, 0.5], [9252.69, 0.2]], "ts": 1594128510964}
{"bids": [[9247.29, 0.28], [9247.19, 0.0634193], [9246.36, 0.06441197], [9246.19, 0.04548019], [9245.97, 5.607e-05], [9245.96, 5.1], [9243.38, 2.02], [9243.34, 2.0], [9242.9, 0.24]], "asks": [[9248.63, 0.20750213], [9248.64, 2.0], [9248.71, 0.20750213], [9248.72, 0.20750213], [9248.73, 2.0], [9250.12, 0.02], [9251.1, 1.976], [9251.6, 0.95], [9252.32, 0.5], [9252.69, 0.2]], "ts": 1594128510964}
{"bids": [[9247.29, 0.28], [9246.36, 0.06441197], [9246.19, 0.04548019], [9245.97, 5.607e-05], [9245.96, 5.1], [9243.38, 2.02], [9243.34, 2.0], [9242.9, 0.24]], "asks": [[9248.63, 0.20750213], [9248.64, 2.0], [9248.71, 0.20750213], [9248.72, 0.20750213], [9248.73, 2.0], [9250.12, 0.02], [9251.1, 1.976], [9251.6, 0.95], [9252.32, 0.5], [9252.69, 0.2]], "ts": 1594128510980}
{"bids": [[9247.3, 0.2], [9247.29, 0.28], [9246.36, 0.06441197], [9246.19, 0.04548019], [9245.97, 5.607e-05], [9245.96, 5.1], [9243.38, 2.02], [9243.34, 2.0], [9242.9, 0.24]], "asks": [[9248.63, 0.20750213], [9248.64, 2.0], [9248.71, 0.20750213], [9248.72, 0.20750213], [9248.73, 2.0], [9250.12, 0.02], [9251.1, 1.976], [9251.6, 0.95], [9252.32, 0.5], [9252.69, 0.2]], "ts": 1594128510980}
{"bids": [[9247.3, 0.2], [9246.36, 0.06441197], [9246.19, 0.04548019], [9245.97, 5.607e-05], [9245.96, 5.1], [9243.38, 2.02], [9243.34, 2.0], [9242.9, 0.24]], "asks": [[9248.63, 0.20750213], [9248.64, 2.0], [9248.71, 0.20750213], [9248.72, 0.20750213], [9248.73, 2.0], [9250.12, 0.02], [9251.1, 1.976], [9251.6, 0.95], [9252.32, 0.5], [9252.69, 0.2]], "ts": 1594128510996}
{"bids": [[9247.31, 0.28], [9247.3, 0.2], [9246.36, 0.06441197], [9246.19, 0.04548019], [9245.97, 5.607e-05], [9245.96, 5.1], [9243.38, 2.02], [9243.34, 2.0], [9242.9, 0.24]], "asks": [[9248.63, 0.20750213], [9248.64, 2.0], [9248.71, 0.20750213], [9248.72, 0.20750213], [9248.73, 2.0], [9250.12, 0.02], [9251.1, 1.976], [9251.6, 0.95], [9252.32, 0.5], [9252.69, 0.2]], "ts": 1594128510997}
{"bids": [[9247.31, 0.28], [9246.36, 0.06441197], [9246.19, 0.04548019], [9245.97, 5.607e-05], [9245.96, 5.1], [9243.38, 2.02], [9243.34, 2.0], [9242.9, 0.24]], "asks": [[9248.63, 0.20750213], [9248.64, 2.0], [9248.71, 0.20750213], [9248.72, 0.20750213], [9248.73, 2.0], [9250.12, 0.02], [9251.1, 1.976], [9251.6, 0.95], [9252.32, 0.5], [9252.69, 0.2]], "ts": 1594128510997}
{"bids": [[9247.31, 0.28], [9247.27, 0.0634193], [9246.36, 0.06441197], [9246.19, 0.04548019], [9245.97, 5.607e-05], [9245.96, 5.1], [9243.38, 2.02], [9243.34, 2.0], [9242.9, 0.24]], "asks": [[9248.63, 0.20750213], [9248.64, 2.0], [9248.71, 0.20750213], [9248.72, 0.20750213], [9248.73, 2.0], [9250.12, 0.02], [9251.1, 1.976], [9251.6, 0.95], [9252.32, 0.5], [9252.69, 0.2]], "ts": 1594128511018}
{"bids": [[9247.32, 0.2], [9247.31, 0.28], [9247.27, 0.0634193], [9246.36, 0.06441197], [9246.19, 0.04548019], [9245.97, 5.607e-05], [9245.96, 5.1], [9243.38, 2.02], [9243.34, 2.0], [9242.9, 0.24]], "asks": [[9248.63, 0.20750213], [9248.64, 2.0], [9248.71, 0.20750213], [9248.72, 0.20750213], [9248.73, 2.0], [9250.12, 0.02], [9251.1, 1.976], [9251.6, 0.95], [9252.32, 0.5], [9252.69, 0.2]], "ts": 1594128511026}
{"bids": [[9247.32, 0.2], [9247.27, 0.0634193], [9246.36, 0.06441197], [9246.19, 0.04548019], [9245.97, 5.607e-05], [9245.96, 5.1], [9243.38, 2.02], [9243.34, 2.0], [9242.9, 0.24]], "asks": [[9248.63, 0.20750213], [9248.64, 2.0], [9248.71, 0.20750213], [9248.72, 0.20750213], [9248.73, 2.0], [9250.12, 0.02], [9251.1, 1.976], [9251.6, 0.95], [9252.32, 0.5], [9252.69, 0.2]], "ts": 1594128511033}
{"bids": [[9247.33, 0.28], [9247.32, 0.2], [9247.27, 0.0634193], [9246.36, 0.06441197], [9246.19, 0.04548019], [9245.97, 5.607e-05], [9245.96, 5.1], [9243.38, 2.02], [9243.34, 2.0], [9242.9, 0.24]], "asks": [[9248.63, 0.20750213], [9248.64, 2.0], [9248.71, 0.20750213], [9248.72, 0.20750213], [9248.73, 2.0], [9250.12, 0.02], [9251.1, 1.976], [9251.6, 0.95], [9252.32, 0.5], [9252.69, 0.2]], "ts": 1594128511041}
{"bids": [[9247.33, 0.28], [9247.27, 0.0634193], [9246.36, 0.06441197], [9246.19, 0.04548019], [9245.97, 5.607e-05], [9245.96, 5.1], [9243.38, 2.02], [9243.34, 2.0], [9242.9, 0.24]], "asks": [[9248.63, 0.20750213], [9248.64, 2.0], [9248.71, 0.20750213], [9248.72, 0.20750213], [9248.73, 2.0], [9250.12, 0.02], [9251.1, 1.976], [9251.6, 0.95], [9252.32, 0.5], [9252.69, 0.2]], "ts": 1594128511048}
{"bids": [[9247.34, 0.2], [9247.33, 0.28], [9247.27, 0.0634193], [9246.36, 0.06441197], [9246.19, 0.04548019], [9245.97, 5.607e-05], [9245.96, 5.1], [9243.38, 2.02], [9243.34, 2.0], [9242.9, 0.24]], "asks": [[9248.63, 0.20750213], [9248.64, 2.0], [9248.71, 0.20750213], [9248.72, 0.20750213], [9248.73, 2.0], [9250.12, 0.02], [9251.1, 1.976], [9251.6, 0.95], [9252.32, 0.5], [9252.69, 0.2]], "ts": 1594128511055}
{"bids": [[9247.34, 0.2], [9247.27, 0.0634193], [9246.36, 0.06441197], [9246.19, 0.04548019], [9245.97, 5.607e-05], [9245.96, 5.1], [9243.38, 2.02], [9243.34, 2.0], [9242.9, 0.24]], "asks": [[9248.63, 0.20750213], [9248.64, 2.0], [9248.71, 0.20750213], [9248.72, 0.20750213], [9248.73, 2.0], [9250.12, 0.02], [9251.1, 1.976], [9251.6, 0.95], [9252.32, 0.5], [9252.69, 0.2]], "ts": 1594128511058}
{"bids": [[9247.35, 0.28], [9247.34, 0.2], [9247.27, 0.0634193], [9246.36, 0.06441197], [9246.19, 0.04548019], [9245.97, 5.607e-05], [9245.96, 5.1], [9243.38, 2.02], [9243.34, 2.0], [9242.9, 0.24]], "asks": [[9248.63, 0.20750213], [9248.64, 2.0], [9248.71, 0.20750213], [9248.72, 0.20750213], [9248.73, 2.0], [9250.12, 0.02], [9251.1, 1.976], [9251.6, 0.95], [9252.32, 0.5], [9252.69, 0.2]], "ts": 1594128511058}
{"bids": [[9247.35, 0.28], [9247.27, 0.0634193], [9246.36, 0.06441197], [9246.19, 0.04548019], [9245.97, 5.607e-05], [9245.96, 5.1], [9243.38, 2.02], [9243.34, 2.0], [9242.9, 0.24]], "asks": [[9248.63, 0.20750213], [9248.64, 2.0], [9248.71, 0.20750213], [9248.72, 0.20750213], [9248.73, 2.0], [9250.12, 0.02], [9251.1, 1.976], [9251.6, 0.95], [9252.32, 0.5], [9252.69, 0.2]], "ts": 1594128511074}
{"bids": [[9247.36, 0.2], [9247.35, 0.28], [9247.27, 0.0634193], [9246.36, 0.06441197], [9246.19, 0.04548019], [9245.97, 5.607e-05], [9245.96, 5.1], [9243.38, 2.02], [9243.34, 2.0], [9242.9, 0.24]], "asks": [[9248.63, 0.20750213], [9248.64, 2.0], [9248.71, 0.20750213], [9248.72, 0.20750213], [9248.73, 2.0], [9250.12, 0.02], [9251.1, 1.976], [9251.6, 0.95], [9252.32, 0.5], [9252.69, 0.2]], "ts": 1594128511074}
{"bids": [[9247.36, 0.2], [9247.27, 0.0634193], [9246.36, 0.06441197], [9246.19, 0.04548019], [9245.97, 5.607e-05], [9245.96, 5.1], [9243.38, 2.02], [9243.34, 2.0], [9242.9, 0.24]], "asks": [[9248.63, 0.20750213], [9248.64, 2.0], [9248.71, 0.20750213], [9248.72, 0.20750213], [9248.73, 2.0], [9250.12, 0.02], [9251.1, 1.976], [9251.6, 0.95], [9252.32, 0.5], [9252.69, 0.2]], "ts": 1594128511089}
{"bids": [[9247.37, 0.28], [9247.36, 0.2], [9247.27, 0.0634193], [9246.36, 0.06441197], [9246.19, 0.04548019], [9245.97, 5.607e-05], [9245.96, 5.1], [9243.38, 2.02], [9243.34, 2.0], [9242.9, 0.24]], "asks": [[9248.63, 0.20750213], [9248.64, 2.0], [9248.71, 0.20750213], [9248.72, 0.20750213], [9248.73, 2.0], [9250.12, 0.02], [9251.1, 1.976], [9251.6, 0.95], [9252.32, 0.5], [9252.69, 0.2]], "ts": 1594128511089}
{"bids": [[9247.37, 0.28], [9247.27, 0.0634193], [9246.36, 0.06441197], [9246.19, 0.04548019], [9245.97, 5.607e-05], [9245.96, 5.1], [9243.38, 2.02], [9243.34, 2.0], [9242.9, 0.24]], "asks": [[9248.63, 0.20750213], [9248.64, 2.0], [9248.71, 0.20750213], [9248.72, 0.20750213], [9248.73, 2.0], [9250.12, 0.02], [9251.1, 1.976], [9251.6, 0.95], [9252.32, 0.5], [9252.69, 0.2]], "ts": 1594128511105}
{"bids": [[9247.38, 0.2], [9247.37, 0.28], [9247.27, 0.0634193], [9246.36, 0.06441197], [9246.19, 0.04548019], [9245.97, 5.607e-05], [9245.96, 5.1], [9243.38, 2.02], [9243.34, 2.0], [9242.9, 0.24]], "asks": [[9248.63, 0.20750213], [9248.64, 2.0], [9248.71, 0.20750213], [9248.72, 0.20750213], [9248.73, 2.0], [9250.12, 0.02], [9251.1, 1.976], [9251.6, 0.95], [9252.32, 0.5], [9252.69, 0.2]], "ts": 1594128511105}
{"bids": [[9247.38, 0.2], [9247.27, 0.0634193], [9246.36, 0.06441197], [9246.19, 0.04548019], [9245.97, 5.607e-05], [9245.96, 5.1], [9243.38, 2.02], [9243.34, 2.0], [9242.9, 0.24]], "asks": [[9248.63, 0.20750213], [9248.64, 2.0], [9248.71, 0.20750213], [9248.72, 0.20750213], [9248.73, 2.0], [9250.12, 0.02], [9251.1, 1.976], [9251.6, 0.95], [9252.32, 0.5], [9252.69, 0.2]], "ts": 1594128511105}
{"bids": [[9247.39, 0.28], [9247.38, 0.2], [9247.27, 0.0634193], [9246.36, 0.06441197], [9246.19, 0.04548019], [9245.97, 5.607e-05], [9245.96, 5.1], [9243.38, 2.02], [9243.34, 2.0], [9242.9, 0.24]], "asks": [[9248.63, 0.20750213], [9248.64, 2.0], [9248.71, 0.20750213], [9248.72, 0.20750213], [9248.73, 2.0], [9250.12, 0.02], [9251.1, 1.976], [9251.6, 0.95], [9252.32, 0.5], [9252.69, 0.2]], "ts": 1594128511120}
{"bids": [[9247.39, 0.28], [9247.27, 0.0634193], [9246.36, 0.06441197], [9246.19, 0.04548019], [9245.97, 5.607e-05], [9245.96, 5.1], [9243.38, 2.02], [9243.34, 2.0], [9242.9, 0.24]], "asks": [[9248.63, 0.20750213], [9248.64, 2.0], [9248.71, 0.20750213], [9248.72, 0.20750213], [9248.73, 2.0], [9250.12, 0.02], [9251.1, 1.976], [9251.6, 0.95], [9252.32, 0.5], [9252.69, 0.2]], "ts": 1594128511120}
{"bids": [[9247.39, 0.28], [9246.36, 0.06441197], [9246.19, 0.04548019], [9245.97, 5.607e-05], [9245.96, 5.1], [9243.38, 2.02], [9243.34, 2.0], [9242.9, 0.24]], "asks": [[9248.63, 0.20750213], [9248.64, 2.0], [9248.71, 0.20750213], [9248.72, 0.20750213], [9248.73, 2.0], [9250.12, 0.02], [9251.1, 1.976], [9251.6, 0.95], [9252.32, 0.5], [9252.69, 0.2]], "ts": 1594128511136}
{"bids": [[9247.39, 0.28], [9247.37, 0.0634193], [9246.36, 0.06441197], [9246.19, 0.04548019], [9245.97, 5.607e-05], [9245.96, 5.1], [9243.38, 2.02], [9243.34, 2.0], [9242.9, 0.24]], "asks": [[9248.63, 0.20750213], [9248.64, 2.0], [9248.71, 0.20750213], [9248.72, 0.20750213], [9248.73, 2.0], [9250.12, 0.02], [9251.1, 1.976], [9251.6, 0.95], [9252.32, 0.5], [9252.69, 0.2]], "ts": 1594128511136}
{"bids": [[9247.4, 0.2], [9247.39, 0.28], [9247.37, 0.0634193], [9246.36, 0.06441197], [9246.19, 0.04548019], [9245.97, 5.607e-05], [9245.96, 5.1], [9243.38, 2.02], [9243.34, 2.0], [9242.9, 0.24]], "asks": [[9248.63, 0.20750213], [9248.64, 2.0], [9248.71, 0.20750213], [9248.72, 0.20750213], [9248.73, 2.0], [9250.12, 0.02], [9251.1, 1.976], [9251.6, 0.95], [9252.32, 0.5], [9252.69, 0.2]], "ts": 1594128511152}
{"bids": [[9247.4, 0.2], [9247.37, 0.0634193], [9246.36, 0.06441197], [9246.19, 0.04548019], [9245.97, 5.607e-05], [9245.96, 5.1], [9243.38, 2.02], [9243.34, 2.0], [9242.9, 0.24]], "asks": [[9248.63, 0.20750213], [9248.64, 2.0], [9248.71, 0.20750213], [9248.72, 0.20750213], [9248.73, 2.0], [9250.12, 0.02], [9251.1, 1.976], [9251.6, 0.95], [9252.32, 0.5], [9252.69, 0.2]], "ts": 1594128511152}
{"bids": [[9247.41, 0.28], [9247.4, 0.2], [9247.37, 0.0634193], [9246.36, 0.06441197], [9246.19, 0.04548019], [9245.97, 5.607e-05], [9245.96, 5.1], [9243.38, 2.02], [9243.34, 2.0], [9242.9, 0.24]], "asks": [[9248.63, 0.20750213], [9248.64, 2.0], [9248.71, 0.20750213], [9248.72, 0.20750213], [9248.73, 2.0], [9250.12, 0.02], [9251.1, 1.976], [9251.6, 0.95], [9252.32, 0.5], [9252.69, 0.2]], "ts": 1594128511167}
{"bids": [[9247.41, 0.28], [9247.37, 0.0634193], [9246.36, 0.06441197], [9246.19, 0.04548019], [9245.97, 5.607e-05], [9245.96, 5.1], [9243.38, 2.02], [9243.34, 2.0], [9242.9, 0.24]], "asks": [[9248.63, 0.20750213], [9248.64, 2.0], [9248.71, 0.20750213], [9248.72, 0.20750213], [9248.73, 2.0], [9250.12, 0.02], [9251.1, 1.976], [9251.6, 0.95], [9252.32, 0.5], [9252.69, 0.2]], "ts": 1594128511167}
{"bids": [[9247.42, 0.2], [9247.41, 0.28], [9247.37, 0.0634193], [9246.36, 0.06441197], [9246.19, 0.04548019], [9245.97, 5.607e-05], [9245.96, 5.1], [9243.38, 2.02], [9243.34, 2.0], [9242.9, 0.24]], "asks": [[9248.63, 0.20750213], [9248.64, 2.0], [9248.71, 0.20750213], [9248.72, 0.20750213], [9248.73, 2.0], [9250.12, 0.02], [9251.1, 1.976], [9251.6, 0.95], [9252.32, 0.5], [9252.69, 0.2]], "ts": 1594128511183}
{"bids": [[9247.42, 0.2], [9247.37, 0.0634193], [9246.36, 0.06441197], [9246.19, 0.04548019], [9245.97, 5.607e-05], [9245.96, 5.1], [9243.38, 2.02], [9243.34, 2.0], [9242.9, 0.24]], "asks": [[9248.63, 0.20750213], [9248.64, 2.0], [9248.71, 0.20750213], [9248.72, 0.20750213], [9248.73, 2.0], [9250.12, 0.02], [9251.1, 1.976], [9251.6, 0.95], [9252.32, 0.5], [9252.69, 0.2]], "ts": 1594128511183}
{"bids": [[9247.43, 0.28], [9247.42, 0.2], [9247.37, 0.0634193], [9246.36, 0.06441197], [9246.19, 0.04548019], [9245.97, 5.607e-05], [9245.96, 5.1], [9243.38, 2.02], [9243.34, 2.0], [9242.9, 0.24]], "asks": [[9248.63, 0.20750213], [9248.64, 2.0], [9248.71, 0.20750213], [9248.72, 0.20750213], [9248.73, 2.0], [9250.12, 0.02], [9251.1, 1.976], [9251.6, 0.95], [9252.32, 0.5], [9252.69, 0.2]], "ts": 1594128511199}
{"bids": [[9247.43, 0.28], [9247.37, 0.0634193], [9246.36, 0.06441197], [9246.19, 0.04548019], [9245.97, 5.607e-05], [9245.96, 5.1], [9243.38, 2.02], [9243.34, 2.0], [9242.9, 0.24]], "asks": [[9248.63, 0.20750213], [9248.64, 2.0], [9248.71, 0.20750213], [9248.72, 0.20750213], [9248.73, 2.0], [9250.12, 0.02], [9251.1, 1.976], [9251.6, 0.95], [9252.32, 0.5], [9252.69, 0.2]], "ts": 1594128511199}
{"bids": [[9247.44, 0.2], [9247.43, 0.28], [9247.37, 0.0634193], [9246.36, 0.06441197], [9246.19, 0.04548019], [9245.97, 5.607e-05], [9245.96, 5.1], [9243.38, 2.02], [9243.34, 2.0], [9242.9, 0.24]], "asks": [[9248.63, 0.20750213], [9248.64, 2.0], [9248.71, 0.20750213], [9248.72, 0.20750213], [9248.73, 2.0], [9250.12, 0.02], [9251.1, 1.976], [9251.6, 0.95], [9252.32, 0.5], [9252.69, 0.2]], "ts": 1594128511199}
{"bids": [[9247.44, 0.2], [9247.37, 0.0634193], [9246.36, 0.06441197], [9246.19, 0.04548019], [9245.97, 5.607e-05], [9245.96, 5.1], [9243.38, 2.02], [9243.34, 2.0], [9242.9, 0.24]], "asks": [[9248.63, 0.20750213], [9248.64, 2.0], [9248.71, 0.20750213], [9248.72, 0.20750213], [9248.73, 2.0], [9250.12, 0.02], [9251.1, 1.976], [9251.6, 0.95], [9252.32, 0.5], [9252.69, 0.2]], "ts": 1594128511221}
{"bids": [[9247.45, 0.28], [9247.44, 0.2], [9247.37, 0.0634193], [9246.36, 0.06441197], [9246.19, 0.04548019], [9245.97, 5.607e-05], [9245.96, 5.1], [9243.38, 2.02], [9243.34, 2.0], [9242.9, 0.24]], "asks": [[9248.63, 0.20750213], [9248.64, 2.0], [9248.71, 0.20750213], [9248.72, 0.20750213], [9248.73, 2.0], [9250.12, 0.02], [9251.1, 1.976], [9251.6, 0.95], [9252.32, 0.5], [9252.69, 0.2]], "ts": 1594128511228}
{"bids": [[9247.45, 0.28], [9247.37, 0.0634193], [9246.36, 0.06441197], [9246.19, 0.04548019], [9245.97, 5.607e-05], [9245.96, 5.1], [9243.38, 2.02], [9243.34, 2.0], [9242.9, 0.24]], "asks": [[9248.63, 0.20750213], [9248.64, 2.0], [9248.71, 0.20750213], [9248.72, 0.20750213], [9248.73, 2.0], [9250.12, 0.02], [9251.1, 1.976], [9251.6, 0.95], [9252.32, 0.5], [9252.69, 0.2]], "ts": 1594128511235}
{"bids": [[9247.46, 0.2], [9247.45, 0.28], [9247.37, 0.0634193], [9246.36, 0.06441197], [9246.19, 0.04548019], [9245.97, 5.607e-05], [9245.96, 5.1], [9243.38, 2.02], [9243.34, 2.0], [9242.9, 0.24]], "asks": [[9248.63, 0.20750213], [9248.64, 2.0], [9248.71, 0.20750213], [9248.72, 0.20750213], [9248.73, 2.0], [9250.12, 0.02], [9251.1, 1.976], [9251.6, 0.95], [9252.32, 0.5], [9252.69, 0.2]], "ts": 1594128511242}
{"bids": [[9247.46, 0.2], [9247.37, 0.0634193], [9246.36, 0.06441197], [9246.19, 0.04548019], [9245.97, 5.607e-05], [9245.96, 5.1], [9243.38, 2.02], [9243.34, 2.0], [9242.9, 0.24]], "asks": [[9248.63, 0.20750213], [9248.64, 2.0], [9248.71, 0.20750213], [9248.72, 0.20750213], [9248.73, 2.0], [9250.12, 0.02], [9251.1, 1.976], [9251.6, 0.95], [9252.32, 0.5], [9252.69, 0.2]], "ts": 1594128511249}
{"bids": [[9247.47, 0.28], [9247.46, 0.2], [9247.37, 0.0634193], [9246.36, 0.06441197], [9246.19, 0.04548019], [9245.97, 5.607e-05], [9245.96, 5.1], [9243.38, 2.02], [9243.34, 2.0], [9242.9, 0.24]], "asks": [[9248.63, 0.20750213], [9248.64, 2.0], [9248.71, 0.20750213], [9248.72, 0.20750213], [9248.73, 2.0], [9250.12, 0.02], [9251.1, 1.976], [9251.6, 0.95], [9252.32, 0.5], [9252.69, 0.2]], "ts": 1594128511257}
{"bids": [[9247.47, 0.28], [9247.37, 0.0634193], [9246.36, 0.06441197], [9246.19, 0.04548019], [9245.97, 5.607e-05], [9245.96, 5.1], [9243.38, 2.02], [9243.34, 2.0], [9242.9, 0.24]], "asks": [[9248.63, 0.20750213], [9248.64, 2.0], [9248.71, 0.20750213], [9248.72, 0.20750213], [9248.73, 2.0], [9250.12, 0.02], [9251.1, 1.976], [9251.6, 0.95], [9252.32, 0.5], [9252.69, 0.2]], "ts": 1594128511257}
{"bids": [[9247.47, 0.28], [9246.36, 0.06441197], [9246.19, 0.04548019], [9245.97, 5.607e-05], [9245.96, 5.1], [9243.38, 2.02], [9243.34, 2.0], [9242.9, 0.24]], "asks": [[9248.63, 0.20750213], [9248.64, 2.0], [9248.71, 0.20750213], [9248.72, 0.20750213], [9248.73, 2.0], [9250.12, 0.02], [9251.1, 1.976], [9251.6, 0.95], [9252.32, 0.5], [9252.69, 0.2]], "ts": 1594128511257}
{"bids": [[9247.47, 0.28], [9247.45, 0.0634193], [9246.36, 0.06441197], [9246.19, 0.04548019], [9245.97, 5.607e-05], [9245.96, 5.1], [9243.38, 2.02], [9243.34, 2.0], [9242.9, 0.24]], "asks": [[9248.63, 0.20750213], [9248.64, 2.0], [9248.71, 0.20750213], [9248.72, 0.20750213], [9248.73, 2.0], [9250.12, 0.02], [9251.1, 1.976], [9251.6, 0.95], [9252.32, 0.5], [9252.69, 0.2]], "ts": 1594128511272}
{"bids": [[9247.48, 0.2], [9247.47, 0.28], [9247.45, 0.0634193], [9246.36, 0.06441197], [9246.19, 0.04548019], [9245.97, 5.607e-05], [9245.96, 5.1], [9243.38, 2.02], [9243.34, 2.0], [9242.9, 0.24]], "asks": [[9248.63, 0.20750213], [9248.64, 2.0], [9248.71, 0.20750213], [9248.72, 0.20750213], [9248.73, 2.0], [9250.12, 0.02], [9251.1, 1.976], [9251.6, 0.95], [9252.32, 0.5], [9252.69, 0.2]], "ts": 1594128511272}
{"bids": [[9247.48, 0.2], [9247.45, 0.0634193], [9246.36, 0.06441197], [9246.19, 0.04548019], [9245.97, 5.607e-05], [9245.96, 5.1], [9243.38, 2.02], [9243.34, 2.0], [9242.9, 0.24]], "asks": [[9248.63, 0.20750213], [9248.64, 2.0], [9248.71, 0.20750213], [9248.72, 0.20750213], [9248.73, 2.0], [9250.12, 0.02], [9251.1, 1.976], [9251.6, 0.95], [9252.32, 0.5], [9252.69, 0.2]], "ts": 1594128511288}
{"bids": [[9247.49, 0.28], [9247.48, 0.2], [9247.45, 0.0634193], [9246.36, 0.06441197], [9246.19, 0.04548019], [9245.97, 5.607e-05], [9245.96, 5.1], [9243.38, 2.02], [9243.34, 2.0], [9242.9, 0.24]], "asks": [[9248.63, 0.20750213], [9248.64, 2.0], [9248.71, 0.20750213], [9248.72, 0.20750213], [9248.73, 2.0], [9250.12, 0.02], [9251.1, 1.976], [9251.6, 0.95], [9252.32, 0.5], [9252.69, 0.2]], "ts": 1594128511288}
{"bids": [[9247.49, 0.28], [9247.45, 0.0634193], [9246.36, 0.06441197], [9246.19, 0.04548019], [9245.97, 5.607e-05], [9245.96, 5.1], [9243.38, 2.02], [9243.34, 2.0], [9242.9, 0.24]], "asks": [[9248.63, 0.20750213], [9248.64, 2.0], [9248.71, 0.20750213], [9248.72, 0.20750213], [9248.73, 2.0], [9250.12, 0.02], [9251.1, 1.976], [9251.6, 0.95], [9252.32, 0.5], [9252.69, 0.2]], "ts": 1594128511288}
{"bids": [[9247.5, 0.2], [9247.49, 0.28], [9247.45, 0.0634193], [9246.36, 0.06441197], [9246.19, 0.04548019], [9245.97, 5.607e-05], [9245.96, 5.1], [9243.38, 2.02], [9243.34, 2.0], [9242.9, 0.24]], "asks": [[9248.63, 0.20750213], [9248.64, 2.0], [9248.71, 0.20750213], [9248.72, 0.20750213], [9248.73, 2.0], [9250.12, 0.02], [9251.1, 1.976], [9251.6, 0.95], [9252.32, 0.5], [9252.69, 0.2]], "ts": 1594128511304}
{"bids": [[9247.5, 0.2], [9247.45, 0.0634193], [9246.36, 0.06441197], [9246.19, 0.04548019], [9245.97, 5.607e-05], [9245.96, 5.1], [9243.38, 2.02], [9243.34, 2.0], [9242.9, 0.24]], "asks": [[9248.63, 0.20750213], [9248.64, 2.0], [9248.71, 0.20750213], [9248.72, 0.20750213], [9248.73, 2.0], [9250.12, 0.02], [9251.1, 1.976], [9251.6, 0.95], [9252.32, 0.5], [9252.69, 0.2]], "ts": 1594128511304}
{"bids": [[9247.51, 0.28], [9247.5, 0.2], [9247.45, 0.0634193], [9246.36, 0.06441197], [9246.19, 0.04548019], [9245.97, 5.607e-05], [9245.96, 5.1], [9243.38, 2.02], [9243.34, 2.0], [9242.9, 0.24]], "asks": [[9248.63, 0.20750213], [9248.64, 2.0], [9248.71, 0.20750213], [9248.72, 0.20750213], [9248.73, 2.0], [9250.12, 0.02], [9251.1, 1.976], [9251.6, 0.95], [9252.32, 0.5], [9252.69, 0.2]], "ts": 1594128511319}
{"bids": [[9247.51, 0.28], [9247.45, 0.0634193], [9246.36, 0.06441197], [9246.19, 0.04548019], [9245.97, 5.607e-05], [9245.96, 5.1], [9243.38, 2.02], [9243.34, 2.0], [9242.9, 0.24]], "asks": [[9248.63, 0.20750213], [9248.64, 2.0], [9248.71, 0.20750213], [9248.72, 0.20750213], [9248.73, 2.0], [9250.12, 0.02], [9251.1, 1.976], [9251.6, 0.95], [9252.32, 0.5], [9252.69, 0.2]], "ts": 1594128511319}
{"bids": [[9247.52, 0.2], [9247.51, 0.28], [9247.45, 0.0634193], [9246.36, 0.06441197], [9246.19, 0.04548019], [9245.97, 5.607e-05], [9245.96, 5.1], [9243.38, 2.02], [9243.34, 2.0], [9242.9, 0.24]], "asks": [[9248.63, 0.20750213], [9248.64, 2.0], [9248.71, 0.20750213], [9248.72, 0.20750213], [9248.73, 2.0], [9250.12, 0.02], [9251.1, 1.976], [9251.6, 0.95], [9252.32, 0.5], [9252.69, 0.2]], "ts": 1594128511335}
{"bids": [[9247.52, 0.2], [9247.45, 0.0634193], [9246.36, 0.06441197], [9246.19, 0.04548019], [9245.97, 5.607e-05], [9245.96, 5.1], [9243.38, 2.02], [9243.34, 2.0], [9242.9, 0.24]], "asks": [[9248.63, 0.20750213], [9248.64, 2.0], [9248.71, 0.20750213], [9248.72, 0.20750213], [9248.73, 2.0], [9250.12, 0.02], [9251.1, 1.976], [9251.6, 0.95], [9252.32, 0.5], [9252.69, 0.2]], "ts": 1594128511335}
{"bids": [[9247.53, 0.28], [9247.52, 0.2], [9247.45, 0.0634193], [9246.36, 0.06441197], [9246.19, 0.04548019], [9245.97, 5.607e-05], [9245.96, 5.1], [9243.38, 2.02], [9243.34, 2.0], [9242.9, 0.24]], "asks": [[9248.63, 0.20750213], [9248.64, 2.0], [9248.71, 0.20750213], [9248.72, 0.20750213], [9248.73, 2.0], [9250.12, 0.02], [9251.1, 1.976], [9251.6, 0.95], [9252.32, 0.5], [9252.69, 0.2]], "ts": 1594128511351}
{"bids": [[9247.53, 0.28], [9247.45, 0.0634193], [9246.36, 0.06441197], [9246.19, 0.04548019], [9245.97, 5.607e-05], [9245.96, 5.1], [9243.38, 2.02], [9243.34, 2.0], [9242.9, 0.24]], "asks": [[9248.63, 0.20750213], [9248.64, 2.0], [9248.71, 0.20750213], [9248.72, 0.20750213], [9248.73, 2.0], [9250.12, 0.02], [9251.1, 1.976], [9251.6, 0.95], [9252.32, 0.5], [9252.69, 0.2]], "ts": 1594128511351}
{"bids": [[9247.54, 0.2], [9247.53, 0.28], [9247.45, 0.0634193], [9246.36, 0.06441197], [9246.19, 0.04548019], [9245.97, 5.607e-05], [9245.96, 5.1], [9243.38, 2.02], [9243.34, 2.0], [9242.9, 0.24]], "asks": [[9248.63, 0.20750213], [9248.64, 2.0], [9248.71, 0.20750213], [9248.72, 0.20750213], [9248.73, 2.0], [9250.12, 0.02], [9251.1, 1.976], [9251.6, 0.95], [9252.32, 0.5], [9252.69, 0.2]], "ts": 1594128511351}
{"bids": [[9247.54, 0.2], [9247.45, 0.0634193], [9246.36, 0.06441197], [9246.19, 0.04548019], [9245.97, 5.607e-05], [9245.96, 5.1], [9243.38, 2.02], [9243.34, 2.0], [9242.9, 0.24]], "asks": [[9248.63, 0.20750213], [9248.64, 2.0], [9248.71, 0.20750213], [9248.72, 0.20750213], [9248.73, 2.0], [9250.12, 0.02], [9251.1, 1.976], [9251.6, 0.95], [9252.32, 0.5], [9252.69, 0.2]], "ts": 1594128511366}
{"bids": [[9247.55, 0.28], [9247.54, 0.2], [9247.45, 0.0634193], [9246.36, 0.06441197], [9246.19, 0.04548019], [9245.97, 5.607e-05], [9245.96, 5.1], [9243.38, 2.02], [9243.34, 2.0], [9242.9, 0.24]], "asks": [[9248.63, 0.20750213], [9248.64, 2.0], [9248.71, 0.20750213], [9248.72, 0.20750213], [9248.73, 2.0], [9250.12, 0.02], [9251.1, 1.976], [9251.6, 0.95], [9252.32, 0.5], [9252.69, 0.2]], "ts": 1594128511366}
{"bids": [[9247.55, 0.28], [9247.45, 0.0634193], [9246.36, 0.06441197], [9246.19, 0.04548019], [9245.97, 5.607e-05], [9245.96, 5.1], [9243.38, 2.02], [9243.34, 2.0], [9242.9, 0.24]], "asks": [[9248.63, 0.20750213], [9248.64, 2.0], [9248.71, 0.20750213], [9248.72, 0.20750213], [9248.73, 2.0], [9250.12, 0.02], [9251.1, 1.976], [9251.6, 0.95], [9252.32, 0.5], [9252.69, 0.2]], "ts": 1594128511382}
{"bids": [[9247.56, 0.2], [9247.55, 0.28], [9247.45, 0.0634193], [9246.36, 0.06441197], [9246.19, 0.04548019], [9245.97, 5.607e-05], [9245.96, 5.1], [9243.38, 2.02], [9243.34, 2.0], [9242.9, 0.24]], "asks": [[9248.63, 0.20750213], [9248.64, 2.0], [9248.71, 0.20750213], [9248.72, 0.20750213], [9248.73, 2.0], [9250.12, 0.02], [9251.1, 1.976], [9251.6, 0.95], [9252.32, 0.5], [9252.69, 0.2]], "ts": 1594128511382}
{"bids": [[9247.56, 0.2], [9247.45, 0.0634193], [9246.36, 0.06441197], [9246.19, 0.04548019], [9245.97, 5.607e-05], [9245.96, 5.1], [9243.38, 2.02], [9243.34, 2.0], [9242.9, 0.24]], "asks": [[9248.63, 0.20750213], [9248.64, 2.0], [9248.71, 0.20750213], [9248.72, 0.20750213], [9248.73, 2.0], [9250.12, 0.02], [9251.1, 1.976], [9251.6, 0.95], [9252.32, 0.5], [9252.69, 0.2]], "ts": 1594128511399}
{"bids": [[9247.57, 0.28], [9247.56, 0.2], [9247.45, 0.0634193], [9246.36, 0.06441197], [9246.19, 0.04548019], [9245.97, 5.607e-05], [9245.96, 5.1], [9243.38, 2.02], [9243.34, 2.0], [9242.9, 0.24]], "asks": [[9248.63, 0.20750213], [9248.64, 2.0], [9248.71, 0.20750213], [9248.72, 0.20750213], [9248.73, 2.0], [9250.12, 0.02], [9251.1, 1.976], [9251.6, 0.95], [9252.32, 0.5], [9252.69, 0.2]], "ts": 1594128511399}
{"bids": [[9247.57, 0.28], [9247.45, 0.0634193], [9246.36, 0.06441197], [9246.19, 0.04548019], [9245.97, 5.607e-05], [9245.96, 5.1], [9243.38, 2.02], [9243.34, 2.0], [9242.9, 0.24]], "asks": [[9248.63, 0.20750213], [9248.64, 2.0], [9248.71, 0.20750213], [9248.72, 0.20750213], [9248.73, 2.0], [9250.12, 0.02], [9251.1, 1.976], [9251.6, 0.95], [9252.32, 0.5], [9252.69, 0.2]], "ts": 1594128511414}
{"bids": [[9247.57, 0.28], [9246.36, 0.06441197], [9246.19, 0.04548019], [9245.97, 5.607e-05], [9245.96, 5.1], [9243.38, 2.02], [9243.34, 2.0], [9242.9, 0.24]], "asks": [[9248.63, 0.20750213], [9248.64, 2.0], [9248.71, 0.20750213], [9248.72, 0.20750213], [9248.73, 2.0], [9250.12, 0.02], [9251.1, 1.976], [9251.6, 0.95], [9252.32, 0.5], [9252.69, 0.2]], "ts": 1594128511414}
{"bids": [[9247.57, 0.28], [9247.55, 0.0634193], [9246.36, 0.06441197], [9246.19, 0.04548019], [9245.97, 5.607e-05], [9245.96, 5.1], [9243.38, 2.02], [9243.34, 2.0], [9242.9, 0.24]], "asks": [[9248.63, 0.20750213], [9248.64, 2.0], [9248.71, 0.20750213], [9248.72, 0.20750213], [9248.73, 2.0], [9250.12, 0.02], [9251.1, 1.976], [9251.6, 0.95], [9252.32, 0.5], [9252.69, 0.2]], "ts": 1594128511430}
{"bids": [[9247.58, 0.2], [9247.57, 0.28], [9247.55, 0.0634193], [9246.36, 0.06441197], [9246.19, 0.04548019], [9245.97, 5.607e-05], [9245.96, 5.1], [9243.38, 2.02], [9243.34, 2.0], [9242.9, 0.24]], "asks": [[9248.63, 0.20750213], [9248.64, 2.0], [9248.71, 0.20750213], [9248.72, 0.20750213], [9248.73, 2.0], [9250.12, 0.02], [9251.1, 1.976], [9251.6, 0.95], [9252.32, 0.5], [9252.69, 0.2]], "ts": 1594128511430}
{"bids": [[9247.58, 0.2], [9247.55, 0.0634193], [9246.36, 0.06441197], [9246.19, 0.04548019], [9245.97, 5.607e-05], [9245.96, 5.1], [9243.38, 2.02], [9243.34, 2.0], [9242.9, 0.24]], "asks": [[9248.63, 0.20750213], [9248.64, 2.0], [9248.71, 0.20750213], [9248.72, 0.20750213], [9248.73, 2.0], [9250.12, 0.02], [9251.1, 1.976], [9251.6, 0.95], [9252.32, 0.5], [9252.69, 0.2]], "ts": 1594128511430}
{"bids": [[9247.59, 0.28], [9247.58, 0.2], [9247.55, 0.0634193], [9246.36, 0.06441197], [9246.19, 0.04548019], [9245.97, 5.607e-05], [9245.96, 5.1], [9243.38, 2.02], [9243.34, 2.0], [9242.9, 0.24]], "asks": [[9248.63, 0.20750213], [9248.64, 2.0], [9248.71, 0.20750213], [9248.72, 0.20750213], [9248.73, 2.0], [9250.12, 0.02], [9251.1, 1.976], [9251.6, 0.95], [9252.32, 0.5], [9252.69, 0.2]], "ts": 1594128511446}
{"bids": [[9247.59, 0.28], [9247.55, 0.0634193], [9246.36, 0.06441197], [9246.19, 0.04548019], [9245.97, 5.607e-05], [9245.96, 5.1], [9243.38, 2.02], [9243.34, 2.0], [9242.9, 0.24]], "asks": [[9248.63, 0.20750213], [9248.64, 2.0], [9248.71, 0.20750213], [9248.72, 0.20750213], [9248.73, 2.0], [9250.12, 0.02], [9251.1, 1.976], [9251.6, 0.95], [9252.32, 0.5], [9252.69, 0.2]], "ts": 1594128511446}
{"bids": [[9247.6, 0.2], [9247.59, 0.28], [9247.55, 0.0634193], [9246.36, 0.06441197], [9246.19, 0.04548019], [9245.97, 5.607e-05], [9245.96, 5.1], [9243.38, 2.02], [9243.34, 2.0], [9242.9, 0.24]], "asks": [[9248.63, 0.20750213], [9248.64, 2.0], [9248.71, 0.20750213], [9248.72, 0.20750213], [9248.73, 2.0], [9250.12, 0.02], [9251.1, 1.976], [9251.6, 0.95], [9252.32, 0.5], [9252.69, 0.2]], "ts": 1594128511461}
{"bids": [[9247.6, 0.2], [9247.55, 0.0634193], [9246.36, 0.06441197], [9246.19, 0.04548019], [9245.97, 5.607e-05], [9245.96, 5.1], [9243.38, 2.02], [9243.34, 2.0], [9242.9, 0.24]], "asks": [[9248.63, 0.20750213], [9248.64, 2.0], [9248.71, 0.20750213], [9248.72, 0.20750213], [9248.73, 2.0], [9250.12, 0.02], [9251.1, 1.976], [9251.6, 0.95], [9252.32, 0.5], [9252.69, 0.2]], "ts": 1594128511461}
{"bids": [[9247.61, 0.28], [9247.6, 0.2], [9247.55, 0.0634193], [9246.36, 0.06441197], [9246.19, 0.04548019], [9245.97, 5.607e-05], [9245.96, 5.1], [9243.38, 2.02], [9243.34, 2.0], [9242.9, 0.24]], "asks": [[9248.63, 0.20750213], [9248.64, 2.0], [9248.71, 0.20750213], [9248.72, 0.20750213], [9248.73, 2.0], [9250.12, 0.02], [9251.1, 1.976], [9251.6, 0.95], [9252.32, 0.5], [9252.69, 0.2]], "ts": 1594128511478}
{"bids": [[9247.61, 0.28], [9247.55, 0.0634193], [9246.36, 0.06441197], [9246.19, 0.04548019], [9245.97, 5.607e-05], [9245.96, 5.1], [9243.38, 2.02], [9243.34, 2.0], [9242.9, 0.24]], "asks": [[9248.63, 0.20750213], [9248.64, 2.0], [9248.71, 0.20750213], [9248.72, 0.20750213], [9248.73, 2.0], [9250.12, 0.02], [9251.1, 1.976], [9251.6, 0.95], [9252.32, 0.5], [9252.69, 0.2]], "ts": 1594128511478}
{"bids": [[9247.62, 0.2], [9247.61, 0.28], [9247.55, 0.0634193], [9246.36, 0.06441197], [9246.19, 0.04548019], [9245.97, 5.607e-05], [9245.96, 5.1], [9243.38, 2.02], [9243.34, 2.0], [9242.9, 0.24]], "asks": [[9248.63, 0.20750213], [9248.64, 2.0], [9248.71, 0.20750213], [9248.72, 0.20750213], [9248.73, 2.0], [9250.12, 0.02], [9251.1, 1.976], [9251.6, 0.95], [9252.32, 0.5], [9252.69, 0.2]], "ts": 1594128511478}
{"bids": [[9247.62, 0.2], [9247.55, 0.0634193], [9246.36, 0.06441197], [9246.19, 0.04548019], [9245.97, 5.607e-05], [9245.96, 5.1], [9243.38, 2.02], [9243.34, 2.0], [9242.9, 0.24]], "asks": [[9248.63, 0.20750213], [9248.64, 2.0], [9248.71, 0.20750213], [9248.72, 0.20750213], [9248.73, 2.0], [9250.12, 0.02], [9251.1, 1.976], [9251.6, 0.95], [9252.32, 0.5], [9252.69, 0.2]], "ts": 1594128511494}
{"bids": [[9247.63, 0.28], [9247.62, 0.2], [9247.55, 0.0634193], [9246.36, 0.06441197], [9246.19, 0.04548019], [9245.97, 5.607e-05], [9245.96, 5.1], [9243.38, 2.02], [9243.34, 2.0], [9242.9, 0.24]], "asks": [[9248.63, 0.20750213], [9248.64, 2.0], [9248.71, 0.20750213], [9248.72, 0.20750213], [9248.73, 2.0], [9250.12, 0.02], [9251.1, 1.976], [9251.6, 0.95], [9252.32, 0.5], [9252.69, 0.2]], "ts": 1594128511494}
{"bids": [[9247.63, 0.28], [9247.55, 0.0634193], [9246.36, 0.06441197], [9246.19, 0.04548019], [9245.97, 5.607e-05], [9245.96, 5.1], [9243.38, 2.02], [9243.34, 2.0], [9242.9, 0.24]], "asks": [[9248.63, 0.20750213], [9248.64, 2.0], [9248.71, 0.20750213], [9248.72, 0.20750213], [9248.73, 2.0], [9250.12, 0.02], [9251.1, 1.976], [9251.6, 0.95], [9252.32, 0.5], [9252.69, 0.2]], "ts": 1594128511509}
{"bids": [[9247.64, 0.2], [9247.63, 0.28], [9247.55, 0.0634193], [9246.36, 0.06441197], [9246.19, 0.04548019], [9245.97, 5.607e-05], [9245.96, 5.1], [9243.38, 2.02], [9243.34, 2.0], [9242.9, 0.24]], "asks": [[9248.63, 0.20750213], [9248.64, 2.0], [9248.71, 0.20750213], [9248.72, 0.20750213], [9248.73, 2.0], [9250.12, 0.02], [9251.1, 1.976], [9251.6, 0.95], [9252.32, 0.5], [9252.69, 0.2]], "ts": 1594128511509}
